2485 3102
1091 126 1344 166 -16-

1084 246 1122 287 ΙΙ.
1150 245 1342 296 &rtatim

292 338 325 366 a.
365 326 634 376 optativum
673 327 987 376 potentialem
1028 326 1268 375 particula
1308 321 1364 366 ἅν
1403 337 1582 377 semper
1626 330 1838 368 ornatum
1880 329 1989 378 post
2030 328 2254 377 tempora

361 389 589 437 primaria
624 389 786 436 posuit
813 388 964 425 vicies
992 388 1083 432 bis,
1112 389 1217 434 post
1244 389 1457 435 tempora
1483 389 1766 427 secundaria
1793 391 1944 428 sexies
1971 391 2017 427 in
2043 390 2254 428 oratione

360 449 573 499 obliqua,
618 449 688 488 ita
726 450 778 487 ut
817 450 1054 487 remaneat
1089 459 1226 487 verus
1262 449 1566 496 potentialis,
1605 450 1683 499 qui
1720 452 1947 500 temporis
1990 450 2253 500 praesentis

360 511 584 560 proprius
610 510 844 549 nominari
871 510 1008 548 solet.

290 574 325 610 b.
361 573 627 620 optativum
655 572 937 610 iterativum
963 572 1135 620 ubique
1161 566 1219 610 α”ν
1244 573 1484 620 particula
1511 574 1762 620 carentem,
1790 585 1877 612 uno
1903 574 2004 614 loco
2035 575 2099 622 IV,
2136 575 2196 621 56,
2220 574 2253 616 1,

357 644 441 683 quo
485 632 695 672 aoristus
740 631 869 682 quem
913 633 1086 671 vocant
1127 632 1445 682 complexivus
1484 632 1685 683 legitur,
1731 635 1942 684 excepto,
1988 646 2161 685 semper
2201 634 2255 673 ad

357 698 567 742 tempora
611 694 894 742 imperfecta
939 696 1012 733 vel
1058 707 1170 743 quae
1213 707 1366 734 eorum
1403 697 1503 735 vice
1539 696 1826 744 funguntur,
1872 698 2032 736 relata
2066 698 2254 736 exhibet

357 755 644 805 quadragies
670 755 936 805 quinquies.

288 830 318 856 c.
354 818 602 865 optativus
640 819 878 857 orationis
917 819 1139 868 obliquae
1176 820 1392 867 proprius
1429 820 1594 868 quater
1630 820 1813 858 tantum
1851 820 1954 858 usui
1990 822 2061 858 est
2088 832 2168 868 pro
2195 821 2256 859 in-

356 878 488 929 genti
515 890 673 919 eorum
700 880 1013 930 exemplorum
1040 881 1170 929 silva,
1198 881 1241 919 in
1269 881 1425 931 quibus
1453 882 1527 920 aut
1553 880 1821 920 indicativus
1850 883 1924 920 aut
1951 881 2255 921 coniunctivus

357 942 598 979 orationis
625 944 785 980 rectae
812 943 992 991 integri
1018 945 1301 981 manserunt.

285 1004 320 1042 d.
357 1003 609 1053 optativus
644 1004 881 1043 modorum
916 1004 1113 1053 quadam
1148 1005 1448 1043 attractione
1483 1006 1615 1042 ortus
1650 1006 1757 1053 post
1791 1006 2002 1054 tempora
2028 1005 2255 1054 primaria

355 1066 449 1111 bis,
477 1067 587 1112 post
614 1067 827 1114 tempora
854 1067 1135 1104 secundaria
1163 1067 1303 1103 semel
1331 1067 1588 1104 invenitur.
1991 1084 1994 1085 ν
2158 1084 2162 1086 *

1049 1241 1239 1301 Caput
1275 1242 1374 1290 IH.

883 1340 1167 1380 enuntiata
1206 1340 1536 1389 temporalia.

289 1433 341 1473 Cu
407 1432 673 1481 antiquissimis
699 1433 923 1481 temporibus
949 1433 1117 1482 loquendi
1142 1444 1256 1483 genus
1276 1435 1329 1472 ita
1347 1435 1596 1482 comparatum
1614 1433 1726 1471 fuisse
1743 1433 1918 1480 videatur,
1947 1433 1989 1471 ut
2007 1433 2108 1470 nulla
2126 1434 2254 1481 copula

376 1494 565 1533 enuntiata
604 1494 831 1533 adicerentur
870 1495 1089 1541 enuntiatis,
1132 1496 1334 1543 temporum
1373 1506 1564 1544 progressu
1604 1495 1766 1532 homines
1807 1494 1853 1532 ad
1892 1494 2048 1532 dilucide
2087 1494 2253 1543 loquendi

163 1559 342 1597 rationem
369 1557 512 1603 intenti,
540 1567 632 1605 quae
656 1556 851 1595 relationes
878 1557 973 1595 inter
1000 1557 1163 1606 singulas
1184 1558 1380 1596 sententias
1408 1557 1668 1595 intercederent
1687 1569 1801 1606 quove
1827 1568 1951 1595 sensus
1968 1556 2110 1594 vinculo
2130 1556 2255 1594 cohae-

163 1621 293 1666 rerent,
335 1618 457 1667 aliquo
494 1617 599 1657 modo
637 1618 708 1657 sibi
744 1618 968 1657 denotandas
1007 1629 1083 1657 esse
1119 1620 1305 1667 putanmt.
1373 1620 1451 1667 Qua
1488 1630 1526 1657 re
1563 1620 1620 1657 usi
1657 1620 1741 1658 sunt
1780 1619 1955 1668 stirpibus
1990 1618 2253 1667 pronominum,

163 1692 316 1731 quorum
351 1680 451 1719 notio
486 1680 602 1728 primo
639 1680 709 1718 fuit
745 1680 1032 1719 demonstrativa
1066 1681 1124 1718 vel
1158 1682 1386 1730 anaphorica,
1423 1683 1503 1718 tum
1539 1692 1677 1729 semper
1711 1681 1784 1718 fere
1810 1681 1927 1719 evasit
1953 1681 2118 1727 relativa,
2147 1682 2255 1728 atque

162 1745 244 1781 inde
276 1754 337 1781 eas
371 1742 518 1779 voculas
553 1742 776 1789 derivarunt,
811 1754 900 1791 quas
936 1744 1204 1782 coniunctiones
1239 1744 1420 1791 appellare
1455 1743 1714 1781 consuevimus.

293 1804 349 1843 Ac
385 1803 455 1841 duo
493 1803 637 1853 quidem
674 1804 804 1842 harum
844 1804 1134 1843 coniunctionum
1172 1807 1256 1843 sunt
1282 1816 1424 1855 genera,
1454 1805 1608 1842 alterum
1635 1816 1770 1851 earum,
1799 1815 1889 1853 quae
1925 1815 1946 1842 a
1975 1804 2087 1852 stirpe
2123 1815 2252 1852 prono-

161 1868 270 1906 minis
296 1865 453 1910 relativi,
489 1865 646 1904 alterum
674 1876 809 1913 earum,
844 1878 936 1916 quae
970 1868 1115 1905 aliunde
1158 1869 1257 1906 ortae
1300 1867 1385 1906 sint.
1456 1867 1555 1915 Quae
1596 1869 1750 1916 utraque
1784 1878 1914 1916 genera
1954 1866 2008 1904 ita
2047 1867 2255 1915 comparata

161 1930 258 1976 sunt,
296 1930 340 1967 ut
376 1927 471 1965 illud
504 1928 572 1965 hoc
609 1927 699 1966 adeo
737 1929 787 1966 sit
824 1929 1065 1977 frequentius,
1105 1931 1146 1968 ut
1184 1931 1325 1978 praeter
1357 1933 1485 1979 pu‘xqc,
1510 1932 1611 1979 πρίν,
1644 1927 1678 1966 εἰ
1709 1930 1855 1978 eiusque
1900 1928 2099 1976 composita
2133 1938 2254 1966 omnes

161 1990 441 2038 coniunctiones,
478 2002 570 2041 quae
597 1990 644 2030 ad
670 1991 861 2031 enuntiata
893 1992 1102 2031 secundaria
1137 1993 1359 2041 usurpantur
1393 1991 1504 2030 variis
1537 1990 1654 2029 modis
1688 1990 1956 2038 introducenda,
1985 2001 2007 2029 a
2032 1990 2145 2039 stirpe
2172 2001 2254 2039 pro-

160 2054 317 2093 nominis
343 2053 490 2092 relativi
517 2054 699 2101 profectae
724 2054 809 2092 sint.
869 2054 939 2092 Sed
965 2066 1048 2092 cum
1075 2055 1177 2092 nobis
1204 2054 1309 2092 modo
1337 2054 1379 2091 de
1407 2054 1604 2091 enuntiatis
1631 2053 1795 2091 relativis
1822 2055 1858 2091 et
1885 2053 2145 2101 temporalibus
2171 2063 2254 2100 pro-

160 2114 320 2164 positum
355 2113 405 2153 sit
441 2114 631 2162 disserere,
668 2125 762 2153 nunc
788 2115 906 2164 priore
933 2114 1050 2153 officio
1076 2115 1256 2164 perfuncti
1281 2115 1355 2153 iam
1383 2114 1430 2153 ad
1455 2114 1535 2163 ipsa
1562 2115 1750 2153 enuntiata
1777 2125 1867 2163 quae
1893 2113 2108 2163 temporalia
2135 2114 2254 2151 vocari

162 2176 279 2215 solent
306 2177 1035 2216 transeamus..

286 2238 425 2286 Quibus
453 2240 641 2278 sententiis
668 2239 880 2278 denotandis
909 2240 1109 2278 inserviunt
1136 2239 1336 2288 particulae
1363 2238 1632 2287 Thucydideae:

442 2294 516 2348 ὅτε,
541 2297 671 2347 ὁπότε,
696 2314 801 2347 οταν,
826 2297 985 2348 ὁπόταν,
1011 2301 1051 2337 ἐν
1075 2312 1165 2349 corp,
1190 2301 1228 2343 ἐς
1253 2311 1354 2347 οσον,
1380 2296 1520 2347 ὁσάκις,
1546 2300 1624 2346 ἕως,
1649 2304 1767 2348 μέχρι,
1791 2304 1898 2348 μέχρι
1923 2313 1976 2338 ου.

441 2363 536 2408 ἐπεί,
563 2360 705 2412 (ἐπην),
731 2359 874 2411 ἐπειδη,
902 2361 1067 2409 ἐπειδάν,
1095 2361 1276 2411 πρότερον
1301 2354 1339 2412 ἦ,
1365 2365 1467 2410 πρίν,

165 2435 256 2474 quae
282 2424 417 2472 partim
444 2434 467 2462 a
493 2424 607 2472 stirpe
633 2422 856 2472 pronominis
883 2423 1028 2460 relativi
1046 2422 1228 2461 derivatae
1247 2425 1341 2469 sunt,
1369 2423 1505 2470 partim
1523 2423 1666 2460 aliunde
1684 2423 1903 2471 desumptae,
1932 2423 1987 2460 ita
2005 2425 2047 2461 ut
2066 2423 2255 2460 enuntiata

165 2487 245 2534 ipsa
270 2486 491 2535 segreganda
526 2486 601 2524 sint
627 2486 665 2523 in
692 2497 752 2532 ea,
792 2496 884 2534 quae
919 2485 1228 2523 coniunctionibus
1255 2485 1419 2523 relativis
1446 2484 1663 2523 denotantur
1690 2487 1798 2534 atque
1824 2485 1861 2523 in
1889 2496 1941 2531 ea,
1970 2497 2060 2534 quae
2087 2485 2254 2523 coniunc-

165 2547 325 2587 tionibus
352 2547 497 2588 aliunde
533 2547 623 2587 ortis
650 2546 877 2597 copulantur.
917 2546 1077 2595 Quorum
1115 2546 1383 2585 enuntiatorum
1420 2557 1502 2584 cum
1539 2546 1605 2585 illa
1642 2547 1698 2585 his
1735 2547 1853 2585 multo
1891 2547 1963 2585 sint
2001 2546 2254 2596 frequentiora,

165 2621 228 2658 per
256 2620 294 2647 se
320 2610 554 2659 intellegitur,
582 2610 779 2648 sententias
808 2609 1025 2657 temporales
1052 2610 1192 2656 praeter
1218 2610 1335 2656 ipsam
1349 2610 1529 2647 notionem
1545 2609 1779 2658 temporalem
1794 2609 1868 2646 illis
1879 2609 2069 2656 particulis
2089 2610 2255 2646 accurate

165 2672 376 2710 denotatam
402 2673 462 2710 vix
489 2671 681 2721 quicquam
708 2671 840 2710 habere
866 2682 989 2720 posse,
1018 2682 1088 2720 quo
1115 2671 1161 2709 ab
1188 2671 1458 2709 enuntiatorum
1484 2670 1720 2709 relativorum
1746 2670 1913 2710 recedant
1940 2671 2079 2710 ratione
2104 2680 2253 2718 usuque.

166 2734 297 2783 Itaque
333 2744 405 2782 qua
440 2735 579 2773 ratione
615 2735 803 2772 modorum
851 2734 1030 2772 delectum
1065 2735 1103 2771 in
1148 2734 1343 2771 enuntiatis
1397 2733 1561 2771 relativis
1606 2733 1925 2781 perlustravimus,
1978 2732 2099 2771 eadem
2145 2732 2255 2770 etiam

171 2795 363 2834 enuntiata
403 2796 617 2844 temporalia
654 2796 757 2834 nobis
795 2796 1054 2844 perscrutanda
1094 2806 1170 2833 esse
1196 2807 1258 2844 per
1285 2806 1322 2833 se
1349 2796 1462 2843 patet.

289 2856 415 2905 Atque
439 2857 513 2896 iam
541 2858 587 2896 ad
614 2857 662 2904 id,
691 2857 786 2906 quod
812 2858 915 2896 nobis
942 2859 997 2896 est
1024 2858 1259 2906 propositum,
1288 2868 1492 2906 pergamus.
