2485 3102
1136 83 1365 121 ...4-

197 203 283 231 vera
309 193 347 232 et
373 193 470 233 falsa
495 193 715 243 protulerint
741 195 779 233 et
805 194 959 241 libellis,
997 205 1150 244 qnorum
1184 194 1309 243 ingens
1336 195 1391 234 est
1417 204 1604 241 numerus,
1640 192 1911 241 mandaverint,
1946 192 2090 243 digesta
2122 192 2184 232 hic
2215 203 2297 241 per-

195 253 374 292 lustrare:
407 266 493 293 nam
519 256 557 293 et
583 255 734 304 longum
760 256 817 294 est
843 257 881 294 et
907 256 954 294 ab
981 256 1089 294 huius
1116 255 1232 303 operis
1260 255 1441 304 angustiis
1468 254 1628 302 alienum
1643 252 1685 302 ¹),
1712 254 1775 292 sed
1800 264 1843 292 ea
1870 255 2015 293 tautum
2041 254 2169 300 paucis
2195 265 2296 292 ccm-

195 316 429 364 prehendam,
457 317 591 366 quibus
618 318 669 365 id,
697 307 742 357 d'e
768 310 846 367 quo'
865 311 1002 366 agitur,
1030 316 1209 357 illustrari
1235 318 1345 366 atque
1369 315 1548 366 explicari
1568 315 1670 368 puto.
1766 355 1769 357 .

321 377 378 416 Ac
413 378 573 427 primum
610 376 756 428 quidem
788 379 868 417 iam
900 380 1036 417 veteres
1072 378 1304 428 grammatici
1338 376 1600 427 quodammodo
1633 378 1729 415 recte
1763 376 2070 416 adumbraverunt
2106 377 2295 415 modorum

196 440 437 485 voluntatem,
475 452 557 478 cum
593 452 653 478 eos
681 441 727 478 ad
755 441 875 479 varias
902 442 1118 486 διαθέσεως,
1154 442 1197 477 ut
1223 440 1412 485 vocabant,
1447 436 1573 488 ψυχῆς
1607 439 1742 478 formas
1777 439 1942 478 adhiberi
1975 440 2136 489 dicerent
2160 439 2295 490 deseri-

195 499 331 541 bendas
346 497 391 551 ²).
445 500 517 542 Sed
541 501 632 541 haec
658 502 823 542 veterum
858 500 1181 553 grammaticorum
1216 499 1380 541 doctrina
1413 498 1483 540 etsi
1518 509 1701 550 uunquam
1735 499 1844 550 plane
1879 499 2137 548 evanescebat,
2172 500 2295 541 tamen

197 564 380 609 paulatim
416 565 682 609 obsolescebat‚
719 566 756 601 et
790 565 1004 601 recentiores
1019 563 1107 601 'viri
1138 564 1235 600 docti
1261 563 1380 611 magis
1406 555 1596 610 inagisque
1621 563 1746 600 modos
1772 563 1820 600 ad
1846 564 1980 610 logices
2007 565 2045 601 et
2076 563 2294 612 cognitionis

196 624 357 664 rationes
383 624 601 672 referebant,
630 625 735 674 quasi
762 625 890 675 lingua
916 625 989 663 iam
1017 623 1218 673 antiquitus
1247 622 1345 661 omni
1371 633 1413 661 ex
1439 622 1544 671 parte
1569 622 1728 671 perfecta
1754 623 1864 674 atque
1885 623 2055 664 absoluta
2072 623 2294 674 cogitatione

195 685 241 722 ad
275 686 416 723 certum
451 686 634 735 quoddam
668 687 892 734 propositum
926 687 1072 723 inventa
1106 687 1211 727 esset,
1247 686 1283 721 et
1318 684 1398 721 ideo
1432 684 1546 721 etiam
1578 685 1696 723 modis
1732 696 1795 723 eae
1831 686 1977 724 tantum
2011 685 2170 723 utin-es
2195 685 2293 723 inter

195 746 401 786 subiectum
435 749 473 787 et
508 748 757 797 praedicatum
790 747 1048 789 intercedentes
1083 745 1385 795 significarentur,
1422 756 1514 795 quae
1550 745 1765 794 cogitationi
1801 747 1838 786 et
1864 746 2062 797 cognitioni
2088 745 2291 786 inserviunt

196 806 409 846 denotandis
425 806 468 856 ⁸).

319 869 368 908 Et
402 870 541 909 multos
576 882 639 919 per
671 881 783 908 annos
817 870 904 907 haec
938 869 1101 906 doctrina
1137 868 1300 905 omnium
1326 868 1400 906 fere
1426 869 1588 906 virorum
1617 868 1806 907 doctorum
1832 870 1985 908 florebat
2012 869 2288 919 significatione,

197 931 308 970 donec
342 931 408 970 alii
440 932 511 971 viri
544 932 642 971 docti
675 931 891 971 exstiterunt
906 928 947 978 ⁴),
983 929 1045 979 qui
1078 930 1120 968 ut
1155 930 1270 968 totius
1305 929 1453 980 linguae
1486 930 1541 969 ita
1575 930 1688 969 etiam
1722 930 1912 970 modorum
1946 930 2105 971 indolem
2138 942 2210 970 non
2246 930 2293 970 ad

194 993 349 1043 logices,
386 994 448 1032 sed
484 994 530 1032 ad
564 993 816 1043 psychologiae
849 993 1007 1031 rationes
1041 992 1278 1029 revocandam
1313 1003 1391 1030 esse
1426 994 1622 1031 censerent.
1676 992 1731 1030 Ac
1762 994 1859 1032 recte
1895 993 2039 1042 quidem
2073 994 2130 1032 ita
2164 993 2293 1032 fecisse

194 1054 377 1094 videntur.
431 1055 531 1095 Nam
563 1055 633 1094 duo
669 1054 896 1104 potissimum
931 1053 1043 1092 animi
1078 1053 1211 1092 virium
1246 1055 1330 1092 sunt
1364 1064 1508 1104 genera,
1545 1054 1717 1102 alterum,
1754 1055 1848 1104 quod
1881 1055 2092 1105 cognitioni,
2121 1055 2290 1102 alterum,

195 1118 292 1164 quod
325 1118 511 1155 voluntati
542 1118 711 1161 inservit,
754 1118 790 1153 et
824 1116 902 1153 ideo
937 1116 1215 1163 unumquodque
1248 1116 1480 1153 enuntiatum
1514 1118 1581 1153 aut
1615 1117 1831 1164 cognitionis
1867 1119 1923 1154 est
1959 1116 2290 1171 (Erkenutnissatz)
2344 1116 2349 1119 ”

196 1180 261 1218 aut
280 1178 482 1219 voluntatis
504 1176 861 1229 (Begehrungssatz).
912 1176 1034 1226 Atque
1060 1176 1149 1216 haec
1176 1176 1302 1226 regula
1329 1177 1406 1217 tam
1433 1175 1497 1216 diu
1523 1176 1689 1227 neglecta
1714 1183 1824 1217 nuuc·
1836 1177 1981 1229 quidem
2008 1177 2174 1218 omnibus
2201 1176 2290 1217 viris

195 1241 312 1278 doctis
340 1241 395 1278 ita
420 1241 574 1289 probata
600 1251 675 1278 esse
702 1240 853 1284 videtur,
882 1240 924 1275 ut
951 1239 1010 1275 vix
1044 1240 1237 1286 quisquam
1272 1239 1494 1284 inveniatur,
1532 1239 1620 1286 quin
1655 1250 1778 1277 omnes
1812 1240 2001 1277 modorum
2030 1241 2225 1277 varietates
2253 1242 2290 1276 et

196 1302 244 1340 ad
280 1302 398 1341 solam
435 1303 529 1341 hanc
563 1302 738 1340 rationem
773 1312 849 1339 esse
890 1300 1108 1339 revocandas
1143 1302 1179 1338 et
1216 1301 1262 1338 ab
1300 1301 1378 1339 sola
1414 1301 1482 1339 hac
1517 1300 1657 1339 ratione
1691 1301 1914 1340 deducendas
1942 1313 2018 1340 esse
2051 1303 2167 1351 putet.
2222 1301 2292 1342 Sed

195 1374 268 1412 qua
295 1363 356 1401 via
382 1374 425 1401 ac
451 1363 589 1401 ratione
623 1362 659 1400 id
694 1361 895 1400 faciendum
931 1362 997 1407 sit,
1027 1361 1064 1398 in
1092 1363 1258 1409 apertum
1286 1361 1479 1399 discrimen
1514 1361 1632 1399 adhuc
1668 1364 1816 1400 ventum
1854 1373 1926 1401 non
1960 1364 2026 1401 est.
2081 1362 2159 1401 Alii
2195 1363 2291 1400 enim

196 1435 318 1463 omnes
354 1425 542 1463 notionum
568 1425 771 1471 varietates,
807 1425 843 1462 et
870 1435 962 1472 quae
989 1423 1172 1462 voluntati
1200 1425 1236 1461 et
1263 1435 1355 1472 quae
1381 1424 1582 1473 cognitioni
1609 1424 1812 1463 inserviunt
1838 1425 2080 1474 designandis,
2108 1425 2155 1464 ad
2181 1436 2291 1464 unam

195 1486 379 1526 notionem
396 1486 614 1526 revocandas
633 1497 709 1525 esse
726 1486 871 1525 censent
890 1496 1097 1534 supremam
1116 1497 1159 1524 ac
1178 1485 1432 1535 primigeniam
1450 1486 1487 1524 et
1505 1485 1587 1525 inde
1606 1487 1745 1525 ceteras
1764 1497 1885 1526 omnes
1904 1487 2050 1526 fluxisse
2068 1487 2289 1534 existimant,

194 1549 237 1586 ut
255 1548 516 1586 Delbrueckius
535 1549 560 1586 1.
580 1549 617 1595 l.‚
646 1548 709 1586 alii
736 1548 809 1585 iam
836 1548 1006 1597 primitus
1034 1548 1073 1584 in
1099 1547 1216 1584 modis
1243 1548 1309 1584 has
1336 1547 1524 1584 notionum
1542 1547 1764 1585 differentias
1791 1548 1904 1585 fuisse
1920 1548 2058 1597 positas
2086 1550 2229 1586 censent
2245 1547 2289 1598 ⁶).

195 1611 344 1659 Itaque,
381 1611 468 1658 quid
503 1610 594 1648 mihi
628 1610 677 1648 sit
703 1622 745 1648 ea
771 1610 814 1648 de
840 1621 878 1648 re
904 1609 1041 1656 iudicii,
1070 1609 1195 1657 paucis
1222 1621 1406 1657 exponam.

319 1671 358 1710 Si
385 1671 466 1721 quis
493 1671 530 1709 in
556 1670 812 1709 adumbrandis
839 1670 1039 1709 formarum
1066 1670 1291 1719 primigeniis
1318 1670 1528 1709 notionibus
1555 1681 1635 1709 eam
1663 1671 1826 1720 sequitur
1853 1671 2048 1715 rationem,
2086 1673 2126 1710 ut
2152 1683 2174 1710 a
2201 1672 2289 1710 sim-

193 1733 394 1782 plicissima
421 1732 691 1782 significatione,
719 1743 810 1781 quae
836 1732 934 1769 haud
961 1732 1099 1770 absona
1126 1732 1269 1770 videtur
1295 1743 1372 1770 esse
1399 1743 1421 1770 a
1447 1732 1662 1780 populorum
1689 1733 1808 1781 prima
1834 1733 1990 1771 infantia
2017 1735 2126 1782 atque
2153 1734 2288 1782 ingenii

193 1795 382 1840 tarditate,
411 1795 483 1832 sibi
508 1794 802 1842 proficiscendum
830 1804 907 1831 esse
934 1794 1129 1838 existimet,
1158 1795 1253 1831 certe
1280 1794 1397 1832 facere
1424 1805 1495 1832 non
1522 1794 1731 1841 poterimus,
1760 1795 1849 1846 quin
1876 1795 1922 1833 ad
1949 1796 2057 1833 huius
2084 1807 2149 1833 nos
2171 1795 2289 1843 appli-

192 1866 315 1895 cemus
343 1855 556 1894 doctrinam.
611 1854 730 1904 Atque
764 1854 816 1893 sic
850 1854 1029 1894 statuenti
1063 1856 1200 1893 rectam
1236 1854 1327 1893 mihi
1363 1855 1462 1893 viam
1498 1855 1623 1894 iniisse
1650 1855 1793 1894 videtur
1820 1855 2080 1907 Delbrueckius
2107 1856 2133 1894 1.
2160 1856 2198 1903 l.‚
2226 1857 2289 1906 qui

191 1929 252 1956 eas
290 1918 413 1965 partes
450 1917 716 1956 coniunctivum
753 1918 789 1955 et
827 1916 1032 1965 optativum
1071 1917 1207 1965 primas
1245 1917 1444 1965 suscepisse
1480 1918 1604 1965 putat,
1638 1919 1682 1955 ut
1716 1917 1779 1955 ille
1815 1918 2015 1964 voluntati,
2053 1918 2114 1956 hic
2150 1918 2288 1966 optioni

191 1979 384 2017 inserviret
410 1978 656 2027 designandis,
692 1989 805 2027 neque
837 1979 930 2016 Lan
936 1978 1042 2027 gius
1058 1976 1088 2027 6)
1126 1980 1223 2016 recte
1258 1978 1396 2020 fecisse,
1432 1979 1527 2028 quod
1552 1979 1765 2027 primariam
1792 1980 1866 2017 vim
1894 1979 2051 2028 optativi
2085 1979 2288 2019 habendam

190 2051 269 2080 esse
302 2040 527 2091 „cogitandi⁸
566 2041 684 2080 censet
727 2040 876 2090 ideoque
911 2040 1006 2079 hunc
1040 2040 1187 2079 modum
1229 2039 1379 2086 ,Modus
1415 2040 1477 2079 der
1513 2040 1875 2092 Einbildungskraft⁸
1914 2041 2089 2080 nominat.
2142 2040 2287 2081 Etenim

190 2103 222 2139 si
250 2113 308 2138 res
335 2103 518 2149 cogitatur
545 2104 653 2150 atque
679 2104 840 2150 cogitata
867 2103 990 2140 animo
1025 2103 1193 2150 fingitur,
1235 2104 1329 2139 certe
1356 2103 1460 2140 valde
1496 2103 1625 2140 subtili
1660 2115 1748 2150 opus
1784 2104 1840 2140 est
1876 2104 2050 2141 sentiendi
2085 2104 2225 2141 ratione
2251 2106 2287 2142 et

191 2163 238 2203 ab
265 2162 453 2202 hominum
481 2163 816 2213 antiquissimorum
843 2163 978 2214 agresti
1006 2163 1149 2213 ingenio
1177 2163 1285 2202 nimis
1313 2163 1507 2203 recedente.
1555 2163 1607 2202 At
1633 2163 1849 2204 desideratio
1876 2175 2066 2215 rerumque
2092 2164 2287 2214 appetitus,

191 2234 283 2271 quae
322 2224 486 2260 sensibus
520 2225 682 2261 subiecta
720 2236 762 2261 ac
796 2226 963 2272 percepta
999 2226 1103 2269 sunt,
1141 2226 1194 2261 ita
1230 2226 1265 2261 in
1301 2225 1390 2271 ipsis
1428 2226 1616 2261 hominum
1651 2226 1988 2272 antiquissimorum
2021 2227 2148 2273 primis
2175 2227 2287 2263 animi

190 2285 352 2324 motibus
387 2286 507 2334 posita
542 2297 617 2325 esse
644 2286 827 2333 videntur,
866 2287 908 2324 ut
943 2286 1106 2335 equidem
1142 2298 1183 2324 ea
1211 2298 1293 2324 cum
1320 2286 1560 2325 Delbrueckio
1588 2286 1644 2324 vel
1671 2286 1790 2335 prima
1817 2287 1863 2325 ab
1890 2286 2098 2326 hominibus
2125 2298 2288 2326 sermone

190 2346 362 2385 denotata
390 2358 466 2385 esse
493 2347 658 2385 iudicem.

314 2447 346 2487 1)
368 2448 408 2479 cf.
431 2457 510 2488 quae
532 2449 723 2489 Koppinius:
754 2450 886 2490 Beitrag
915 2459 969 2481 zur
996 2450 1238 2490 Entwickelung
1259 2450 1323 2481 und
1347 2449 1545 2491 Wllrdigung
1575 2450 1629 2481 der
1650 2450 1744 2482 Ideen
1774 2450 1850 2482 uber
1879 2451 1930 2481 die
1956 2450 2288 2490 Grundbedeutungen

189 2498 246 2531 der
259 2499 374 2539 griech.
390 2499 488 2538 nodi,
510 2501 654 2539 Stade,
677 2501 873 2542 Gymnasial-
874 2501 1058 2543 Programm
1076 2501 1207 2540 1877180
1228 2502 1266 2534 de
1288 2502 1347 2534 bac
1332 2511 1400 2534 cre
1414 2512 1535 2534 summa
1557 2512 1626 2534 cum
1648 2501 1817 2543 diligentia
1838 2502 1970 2534 collecta
1991 2503 2024 2534 et
2044 2501 2207 2534 subtiliter
2227 2501 2290 2534 dis-

187 2550 306 2589 putata
327 2551 461 2582 exhibet.

315 2600 347 2641 2)
369 2601 408 2635 cf.
431 2601 580 2635 Choerob.
602 2603 634 2635 in
656 2603 756 2636 Bekk.
786 2604 892 2637 anecd.
915 2604 948 2637 II
976 2614 1049 2645 pag.
1080 2603 1173 2636 1274.
1213 2604 1307 2636 Prisc
1339 2604 1426 2643 VIII,
1456 2603 1513 2636 67:
1544 2603 1628 2637 modi
1658 2605 1732 2637 sunt
1761 2603 1901 2637 diversae
1930 2603 2151 2638 inclinationes
2179 2603 2287 2640 animi,

188 2661 268 2692 quas
289 2652 380 2682 varia
401 2662 489 2683 conse
458 2654 599 2692 sequitur
582 2654 790 2685 rdeclinatio
831 2655 907 2685 erbi.

314 2701 348 2742 3)
372 2702 412 2734 cf.
434 2702 568 2743 Koppin.
589 2704 611 2736 1.
632 2704 654 2737 1.
676 2715 758 2745 pars.
779 2705 805 2737 Ι.

314 2753 347 2793 4)
372 2754 412 2785 cf.
435 2754 571 2793 Koppin.
594 2755 614 2786 l.
637 2756 657 2786 l.
679 2765 761 2794 pars.
784 2756 826 2786 11.

314 2804 347 2844 5)
370 2804 410 2836 cf.
432 2804 570 2844 Koppin.
592 2805 613 2836 l.
635 2806 657 2837 l.

315 2855 348 2893 6)
370 2855 463 2887 Hom.
486 2854 652 2887 Gebrauch
674 2855 704 2887 d.
726 2856 814 2888 Part.
837 2857 875 2892 et,
900 2856 989 2887 1872.
