2485 3102
1110 131 1162 161 ..-;
1198 110 1265 169 ι’24
1316 151 1368 158 .-

312 239 343 266 c.
377 229 629 279 optativus
663 232 901 272 orationis
936 232 1158 282 obliquae
1192 232 1265 271 bis
1298 233 1481 283 tantum
1511 231 1702 282 legitur,
1742 242 1873 282 quam
1900 231 2199 285 paucitatem
2236 231 2278 270 si

376 301 475 330 cum
501 291 692 340 ingenti
719 304 873 332 eorum
909 294 1224 343 exemplorum
1261 294 1384 332 serie
1418 294 1866 342 comparaverimus,
1892 292 2064 343 quibus
2097 291 2280 331 indica-

375 352 469 391 tivi
497 354 576 392 aut
603 355 898 393 coniunctivi
924 354 1100 403 integri
1127 353 1427 398 exhibentur,
1462 364 1790 402 cognoscemus
1817 348 1934 403 apud
1959 350 2280 408 Thucydidem

377 415 670 452 indicativos
716 418 799 453 aut
844 415 1175 454 coniunctivos
1210 415 1446 453 orationis
1481 416 1641 455 rectae
1686 415 1961 466 plerumque
1999 415 2281 454 immutatos

379 475 592 514 transire
619 474 664 515 in
691 475 951 515 orationem
978 475 1230 525 obliquam.

765 596 817 635 ΙΙΙ.
855 595 1038 634 Enuntiata
1064 593 1247 646 πρότερον
1271 587 1299 647 ἢ
1322 594 1359 633 et
1385 598 1474 645 πρίν
1502 595 1711 634 introducta.

317 677 418 726 Quae
445 678 645 728 particulae
672 677 776 717 modo
804 677 850 716 ad
867 676 1091 716 infinitivum
1109 676 1255 715 additae
1272 677 1516 724 inveniuntur,
1545 677 1651 716 modo
1678 678 1725 716 ad
1742 679 1893 716 verbum
1911 678 2056 717 finitum
2075 679 2281 717 adiunctae.

191 739 315 789 Atque
351 740 419 780 illa
445 740 591 789 quidem
617 740 821 786 structura,
859 750 951 788 quae
977 739 1128 777 Homeri
1156 741 1212 778 est
1238 739 1313 777 fere
1344 739 1464 786 unica,
1504 739 1687 788 antiquior
1719 739 1798 777 iure
1834 738 2000 783 habetur,
2039 739 2138 784 haec,
2175 750 2286 790 quam

190 802 406 849 posteriores
433 801 612 849 paulatim
639 801 831 848 scriptores
859 802 1102 848 susceperunt,
1141 801 1327 840 recentior.
1381 800 1602 850 Thucydidis
1628 801 1742 850 ipsius
1769 799 1851 849 quis
1878 799 1927 839 sit
1961 794 2092 840 harum
2125 801 2288 849 particu-

191 861 314 901 larum
351 872 440 899 usus
479 873 562 899 cum
602 861 671 899 viri
697 860 795 899 docti
836 862 927 914 satis
966 862 1057 899 bene
1095 862 1170 899 iam
1197 863 1462 911 inquisiverint,
1480 860 1511 910 1)
1550 862 1714 910 equidem
1753 862 1912 899 numeris
1951 862 2099 899 tantum
2126 862 2288 911 exempla

193 924 383 962 denotabo.

316 995 349 1022 a.
377 983 685 1021 Infinitivum
723 983 1025 1033 Thucydides
1071 986 1287 1034 sexagies
1331 986 1482 1022 octies
1517 985 1767 1032 usurpavit
1805 996 1857 1021 ac
1894 985 2063 1022 nudum
2100 985 2288 1032 quidem

378 1046 644 1093 praesentis
689 1045 929 1092 undecies,
984 1046 1157 1085 aoristi
1210 1047 1379 1085 tricies
1423 1047 1520 1092 bis;
1571 1046 1619 1084 in
1664 1045 1936 1084 accusativi
1985 1046 2137 1083 autem
2191 1056 2289 1083 cum

377 1106 633 1145 infinitivo
661 1107 910 1146 structura
951 1109 1223 1156 praesentis
1251 1108 1418 1154 sexies,
1448 1108 1619 1146 aoristi
1652 1106 1935 1145 undevicies.
1989 1104 2228 1157 πρότερον
2266 1100 2292 1158 ἤ

379 1169 634 1217 quinquies
673 1170 868 1217 legitur.
941 1169 1220 1209 Sententiae
1260 1169 1552 1209 antecedunt
1596 1168 1726 1208 modo
1772 1168 2107 1207 affirmativae
2155 1167 2285 1206 modo

379 1230 644 1280 negativae.
1992 1224 1994 1227 ’

316 1292 352 1329 b.
385 1292 708 1329 Indicativum
735 1293 954 1330 adhibuit
981 1293 1242 1337 duodecies;
1271 1293 1420 1331 sexies
1448 1292 1713 1340 praecedunt
1736 1291 1972 1330 enuntiata
1990 1290 2289 1338 affirmativa,

378 1352 531 1390 sexies
558 1353 793 1400 negativa.
848 1350 899 1389 οὐ
934 1352 1141 1404 πρότρον
1167 1357 1279 1403 πρίν
1306 1354 1400 1399 bis,
1429 1351 1667 1403 πρότερον
1692 1345 1718 1404 ἤ
1744 1353 1817 1390 bis
1843 1352 2157 1400 reperiuntur.

318 1425 348 1452 c,
381 1408 747 1452 Coniunctivum
788 1425 887 1452 cum
928 1418 1040 1465 πρίν
1078 1414 1376 1452 consociavit
1411 1414 1652 1459 undecies,
1681 1425 1783 1451 cum
1809 1411 2048 1463 πρότερον
2073 1405 2100 1462 ἥ
2124 1413 2290 1458 semel,

381 1475 533 1513 sexies
559 1468 615 1513 ι’έν
641 1476 893 1523 particula
919 1477 1092 1514 omissa
1118 1479 1208 1514 est:
1237 1478 1341 1524 post
1369 1478 1579 1524 tempora
1598 1475 1819 1524 primaria
1846 1476 1939 1521 ter,
1966 1475 2066 1523 post
2084 1475 2292 1522 tempora

379 1536 664 1576 secundaria
691 1537 777 1584 ter,
807 1547 952 1587 neque
979 1538 1067 1585 est,
1104 1549 1182 1576 cur
1208 1538 1291 1576 hoc
1318 1537 1504 1575 dicendi
1531 1548 1674 1587 genus
1702 1536 2053 1585 Thucydideum
2080 1546 2165 1573 non
2193 1546 2292 1573 esse

381 1599 620 1645 putemus3
660 1599 810 1635 sexies
848 1594 897 1636 ἄν
934 1599 1098 1637 addita
1135 1602 1208 1636 est
1246 1601 1291 1636 in
1329 1601 1546 1637 oratione
1583 1600 1787 1646 obliqua.
1849 1597 2137 1644 Enuntiata,
2179 1608 2292 1646 quae

380 1659 687 1707 antecedunt,
717 1672 899 1709 semper
925 1662 1032 1699 sunt
1061 1661 1298 1710 negativa.

318 1721 353 1759 d.
387 1720 666 1769 optativum
694 1721 767 1759 bis
794 1722 956 1770 posuit
984 1723 1025 1759 in
1053 1723 1265 1760 oratione
1293 1724 1482 1771 obliqua.
1515 1723 1758 1760 Enuntiata
1777 1722 2041 1769 praecedunt
2068 1720 2290 1768 negativa.

318 1861 349 1903 1)
371 1861 411 1894 cf.
434 1861 573 1902 Wagner
594 1862 615 1894 l.
631 1862 652 1895 l.
675 1863 708 1894 et
729 1862 838 1894 Sturm
860 1863 918 1894 1.1.
