2485 3102
1098 123 1326 159 -5-

290 235 371 274 Iam
400 244 493 280 vero,
522 233 554 271 si
580 232 848 271 coniunctivum
875 232 990 281 primo
1013 232 1103 270 certi
1121 233 1267 271 eventus
1287 232 1468 270 voluntati
1487 234 1522 270 et
1541 234 1742 281 optativum
1762 233 1889 271 incerti
1908 232 2055 270 effectus
2073 232 2248 270 desiderio

167 296 374 334 inserviisse
399 293 611 332 denotandis
638 295 732 350 recte
759 294 972 338 statuimus,
1008 304 1080 341 qua
1113 294 1196 331 inde
1228 295 1367 332 ratione
1403 295 1588 332 modorum
1623 307 1709 333 usus
1736 307 1869 343 magna
1896 295 2052 332 evaserit
2079 295 2249 338 varietas,

168 357 273 397 nobis
299 357 369 396 erit
395 355 594 395 dicendum.

279 418 348 455 ,Ac
373 418 529 465 primum
556 418 699 465 quidem
725 418 973 453 coniunctivus
1001 417 1033 452 si
1060 418 1091 452 is
1118 418 1289 463 primitus
1315 418 1394 453 erat
1420 418 1556 460 modus,
1584 419 1645 464 qui
1673 421 1789 454 certae
1816 420 1904 463 eius,
1932 419 1995 465 qui
2023 419 2249 465 loquebatur,

168 480 348 519 voluntati
384 480 570 517 inserviret
603 479 822 524 indicandae,
861 478 967 516 facile
1004 478 1124 525 potuit
1158 478 1247 522 fieri,
1284 479 1326 516 ut
1362 478 1449 515 haec
1476 479 1530 516 vis
1557 479 1770 527 primigenia
1796 481 2043 525 fluctuaretur,
2072 480 2179 527 prout
2207 479 2250 524 is,

167 540 230 592 qui
255 540 481 591 loquebatur,
509 539 691 580 voluntati
718 550 806 577 suae
832 539 913 588 plus
941 537 997 576 vel
1025 538 1144 576 minus
1172 537 1318 576 adderet
1347 538 1481 587 vigoris
1509 540 1615 588 atque
1640 541 1853 589 gravitatis;
1881 552 1964 578 nam
1991 540 2054 578 ubi
2073 540 2251 578 adstricta

167 604 368 643 voluntatis
395 604 526 640 virium
563 603 743 640 contentio
769 602 920 639 remissa
955 603 1052 645 erat,
1089 601 1200 639 etiam
1236 601 1498 638 adhortationis
1533 604 1695 649 gravitas
1721 604 2003 651 infringebatur,
2043 604 2096 641 ita
2131 605 2174 641 ut
2201 604 2247 640 ad

167 664 391 713 postremum
416 663 634 712 exspectatio
662 663 806 701 tantum
832 661 1091 710 relinqueretur
1108 658 1148 709 1).
1204 661 1316 709 Quem
1344 661 1380 698 in
1409 662 1553 699 modum
1582 674 1649 710 quo
1677 664 1792 712 magis
1821 666 1919 702 certa
1938 664 2106 702 voluntas
2126 664 2249 713 vigore

168 736 234 763 suo
257 727 430 772 tanquam
447 725 654 768 exuebatur,
683 735 723 760 eo
742 724 859 771 magis
879 723 991 760 etiam
1010 724 1258 760 coniunctivus
1276 724 1322 760 ad
1340 724 1468 760 incerti
1487 724 1632 770 ideoque
1652 725 1762 761 futuri
1782 728 1927 763 eventus
1946 727 2248 773 exspectationem

167 785 413 825 descendebat.
460 785 530 825 Sed
555 785 648 824 hanc
676 784 833 823 notionis
860 783 1094 834 primigeniae
1120 784 1408 823 attenuationem
1435 796 1547 834 usque
1574 796 1613 823 eo
1641 797 1864 835 progressam
1891 798 1977 834 esse,
2007 788 2048 826 ut
2075 787 2247 826 coniunc-

167 848 266 884 tivus
292 847 568 895 exspectationis
595 846 766 882 affectum
793 846 973 892 paulatim
999 856 1146 891 prorsus
1173 846 1358 882 amitteret
1376 848 1484 892 atque
1503 847 1570 882 soli
1590 848 1800 893 cogitationi
1818 849 2004 884 inserviret
2023 850 2246 890 indicandae,

167 909 248 957 quis
280 910 336 946 est
369 909 431 956 qui
465 906 703 945 Delbrueckio
738 905 888 944 credat?
940 906 1073 952 Immo,
1111 908 1153 944 ut
1187 907 1432 951 enuntiatum,
1472 919 1541 954 quo
1577 907 1661 954 quid
1697 909 1938 954 praedicatur,
1977 921 2177 957 nunquam,
2217 910 2248 946 si

167 970 311 1020 quidem
346 981 469 1008 sensus
504 969 643 1017 integer
668 967 895 1016 relinquitur,
923 968 1078 1006 transire
1106 969 1225 1016 potest
1252 969 1289 1006 in
1317 969 1555 1014 enuntiatum,
1592 980 1661 1017 quo
1698 970 1783 1018 quid
1819 971 2009 1018 appetitur,
2046 971 2099 1009 ita
2135 971 2247 1009 etiam

168 1032 418 1070 coniunctivus
445 1031 646 1068 voluntatis
673 1030 731 1067 vel
758 1030 1033 1077 exspectationis
1061 1042 1245 1078 nunquam
1273 1032 1427 1068 transire
1453 1032 1572 1078 potuit
1601 1032 1637 1068 in
1665 1033 1929 1069 coniunctivum
1957 1034 2186 1081 cogitationis
2203 1032 2247 1080 ²).

123 1106 125 1109 ·
168 1094 219 1132 Ex
246 1104 316 1143 quo
343 1093 510 1139 efficitur,
538 1093 581 1130 ut
608 1091 855 1130 coniunctivus
883 1092 956 1130 iam
976 1092 1102 1140 primis
1121 1093 1343 1141 temporibus
1371 1093 1524 1130 alteram
1552 1104 1700 1141 eamque
1719 1104 1739 1130 a
1758 1093 1873 1141 priore
1892 1094 2045 1132 alienam
2064 1095 2246 1133 notionem

168 1155 422 1203 assumpserit,
458 1166 540 1191 cum
575 1165 646 1190 non
681 1154 786 1190 modo
824 1154 870 1190 ad
897 1154 1121 1191 voluntatem
1150 1155 1205 1191 vel
1233 1156 1543 1201 exspectationem,
1574 1155 1634 1192 sed
1660 1155 1769 1192 etiam
1798 1156 1842 1192 ad
1870 1156 2011 1194 futurae
2038 1158 2245 1204 plerumque

168 1216 219 1256 rei
246 1215 504 1267 cogitationem
529 1214 682 1254 serviret
708 1213 938 1254 denotandas.

291 1279 487 1325 Optativus
514 1279 648 1320 autem,
676 1279 718 1312 ut
745 1288 853 1323 supra
879 1278 954 1313 iam
981 1278 1147 1321 vidimus,
1177 1279 1231 1313 ita
1258 1279 1426 1324 primitus
1453 1279 1564 1314 fuisse
1592 1280 1674 1315 usui
1701 1280 1851 1322 videtur,
1881 1282 1923 1316 ut
1949 1281 2074 1316 incerti
2101 1281 2247 1317 effectus

169 1339 346 1379 desiderio
364 1338 554 1378 inserviret
571 1337 773 1376 indicando.
819 1337 888 1376 Sed
914 1339 951 1376 et
978 1338 1070 1376 hunc
1098 1338 1244 1377 modum
1270 1339 1425 1388 primam
1454 1339 1600 1388 optandi
1627 1340 1701 1378 vim
1729 1340 1814 1378 adeo
1841 1341 2013 1386 amisisse,
2042 1342 2083 1379 ut
2110 1341 2248 1389 optatio

169 1402 220 1439 rei
248 1401 429 1450 cogitatae
456 1401 603 1438 cesserit
629 1400 841 1447 cogitationi
877 1400 929 1436 rei
964 1411 1007 1436 ne
1042 1401 1188 1447 optatae
1222 1401 1382 1448 quidem,
1412 1402 1445 1436 h.
1475 1412 1504 1437 e.
1533 1402 1680 1448 optandi
1716 1403 1893 1438 notionem
1925 1403 2060 1439 exuisse
2087 1404 2123 1439 et
2150 1403 2248 1449 cogi-

170 1464 273 1502 tandi
307 1463 382 1501 vim
417 1462 633 1510 suscepisse,
670 1462 751 1510 quis
786 1462 976 1499 crediderit
1010 1461 1124 1500 eidem
1160 1462 1424 1500 Delbrueckio‘?
1478 1463 1579 1509 Quod
1615 1463 1645 1500 si
1680 1464 1817 1511 optatio
1852 1475 2030 1512 nunquam
2066 1464 2249 1502 deflectere

168 1525 328 1574 potuisse
353 1524 400 1563 ad
426 1523 682 1574 cogitationem
709 1523 882 1561 censenda
912 1523 998 1570 erit,
1028 1523 1120 1561 illud
1147 1524 1375 1562 Delbrueckii
1402 1526 1438 1562 et
1465 1525 1613 1573 Langii:
1660 1536 1751 1573 quae
1778 1525 1931 1572 optativi
1959 1526 2012 1562 vis
2040 1525 2147 1563 fuerit
2174 1526 2248 1573 pri-

168 1587 285 1624 maria
318 1597 453 1634 quaeve
486 1585 716 1629 secundaria,
755 1585 809 1622 ita
843 1585 934 1621 mihi
969 1586 1104 1632 optime
1139 1586 1329 1623 diiudicari
1365 1598 1467 1633 posse
1503 1587 1662 1631 videtur,
1702 1588 1744 1623 ut
1771 1587 1880 1623 etiam
1907 1588 2148 1633 optativorum
2177 1587 2247 1622 duo

169 1649 281 1687 fuisse
307 1660 436 1697 genera
462 1647 556 1685 inter
584 1659 620 1685 se
646 1646 789 1684 diversa
815 1648 1002 1694 putemus,
1040 1659 1192 1696 quorum
1219 1648 1374 1686 alterum
1402 1648 1508 1696 idque
1535 1648 1633 1696 prius
1661 1648 1707 1685 ad
1735 1648 1859 1686 incerti
1887 1649 2031 1685 eventus
2058 1648 2248 1695 optionem,

170 1710 325 1749 alterum
353 1709 459 1757 idque
485 1708 663 1756 posterius
691 1708 737 1745 ad
763 1708 1021 1756 cogitationem
1049 1710 1100 1745 rei
1127 1710 1313 1747 coniuncte
1340 1710 1456 1746 elatae
1484 1710 1670 1746 inserviret
1698 1709 1944 1756 designandas.

293 1772 373 1809 Hae
408 1771 524 1819 igitur
558 1770 745 1807 modorum
781 1772 867 1807 sunt
901 1771 1080 1816 notiones,
1117 1782 1207 1819 quas
1242 1772 1434 1818 primarias
1469 1771 1579 1807 fuisse
1612 1773 1648 1808 et
1683 1782 1772 1818 quas
1809 1771 2034 1808 secundarias
2068 1772 2250 1817 putamus.

168 1834 222 1871 Ac
249 1833 415 1880 quamvis
442 1843 511 1870 non
538 1832 659 1870 omnia
686 1843 773 1869 usus
799 1843 929 1880 genera
956 1833 1053 1880 apud
1079 1833 1323 1881 Thucydidem
1351 1833 1590 1878 inveniantur,
1621 1834 1741 1870 tamen
1760 1833 1845 1870 haec
1864 1832 1966 1870 nobis
1989 1831 2250 1879 praemittenda

168 1904 245 1933 esse
277 1894 356 1932 visa
389 1894 491 1939 sunt,
527 1903 598 1941 quo
633 1892 776 1930 facilius
811 1893 842 1931 is
874 1895 1146 1942 cognosceretur
1172 1894 1358 1931 modorum
1388 1894 1556 1939 delectus,
1586 1904 1691 1942 quem
1719 1894 1941 1943 Thucydides
1979 1893 2013 1930 in
2052 1892 2249 1930 enuntiatis

171 1956 337 1994 relativis
363 1956 400 1993 et
427 1954 689 2003 temporalibus
717 1955 815 1993 fecit.

1068 2059 1257 2120 caput
1292 2061 1362 2108 H.

954 2150 1218 2187 Enuntiata
1256 2151 1483 2188 relativa.

297 2233 376 2279 Qua
403 2233 439 2269 in
469 2233 585 2279 operis
612 2234 726 2279 parte,
755 2234 797 2270 ut
825 2234 879 2270 est
906 2233 1140 2280 propositum,
1170 2233 1215 2271 ad
1243 2245 1321 2271 eam
1350 2233 1476 2271 accedo
1505 2234 1680 2271 rationem
1699 2231 1991 2276 adumbrandam‚
2021 2243 2090 2278 qua
2110 2230 2253 2278 Thucy-

172 2292 271 2331 dides
307 2291 345 2330 in
379 2291 577 2330 enuntiatis
603 2292 767 2331 relativis
794 2294 877 2341 post
910 2293 1011 2331 varia
1038 2293 1240 2341 temporum
1274 2304 1406 2342 genera
1442 2293 1627 2331 modorum
1664 2293 1785 2330 fecerit
1820 2292 2006 2329 delectum.
2069 2291 2136 2328 Sed
2171 2301 2251 2327 cum

171 2356 260 2392 haec
287 2354 450 2402 quaestio
478 2355 659 2402 segregari
686 2358 835 2402 nequeat
870 2356 916 2392 ab
950 2355 1033 2399 illa,
1071 2367 1162 2402 quae
1196 2356 1245 2393 sit
1280 2357 1548 2393 enuntiatorum
1586 2356 1818 2392 relativorum
1846 2355 1976 2391 natura
2004 2354 2111 2400 atque
2138 2353 2250 2400 origo,

174 2414 297 2465 paucis
322 2414 413 2453 mihi
440 2415 547 2453 antea
573 2414 616 2453 de
643 2415 712 2454 hac
739 2426 776 2454 re
803 2415 1075 2464 disceptandum
1102 2426 1179 2454 esse
1207 2416 1309 2464 puto.

292 2478 380 2514 Fuit
406 2478 531 2525 igitur,
560 2478 598 2513 id
621 2478 715 2524 quod
743 2489 852 2524 supra
879 2478 951 2514 iam
979 2479 1113 2523 monui,
1153 2479 1207 2515 ita
1235 2479 1428 2526 aliquando
1447 2479 1610 2525 loquendi
1640 2479 1731 2514 ratio
1751 2478 1967 2522 comparata,
1997 2477 2036 2511 ut
2063 2476 2253 2512 enuntiata

170 2539 271 2577 nulla
298 2537 487 2577 accedente
520 2538 700 2586 particula
736 2539 961 2577 adicerentur
988 2539 1199 2577 enuntiatis.
1255 2539 1308 2578 Ac
1344 2552 1560 2588 quamquam
1596 2539 1665 2576 iam
1701 2537 1794 2586 apud
1822 2537 2018 2575 Homerum
2051 2547 2120 2573 non
2148 2536 2253 2574 modo

171 2599 432 2643 absolutorum,
461 2610 584 2635 verum
612 2600 723 2637 etiam
751 2601 1024 2637 subiunctorum
1051 2601 1320 2637 enuntiatorum
1348 2602 1546 2647 promiscue
1573 2601 1790 2645 usurpantur
1817 2599 1970 2640 formae,
2000 2600 2122 2633 tamen
2163 2598 2254 2633 illud

172 2662 271 2709 prius
298 2660 436 2698 dicendi
464 2672 575 2708 genus
602 2661 713 2699 fuisse
748 2662 805 2699 vel
832 2661 913 2699 inde
948 2663 1119 2709 apparet,
1149 2662 1243 2710 quod
1269 2662 1435 2710 loquendi
1462 2661 1554 2698 ratio
1582 2658 1803 2707 paratactica
1830 2660 2034 2706 temporum
2063 2669 2253 2706 progressu

172 2721 226 2759 ita
253 2721 401 2759 cesserit
418 2721 680 2769 hypotacticae‚
709 2723 762 2768 ut,
791 2732 872 2758 cum
901 2722 996 2770 apud
1014 2723 1212 2759 Homerum
1231 2733 1361 2770 magna
1388 2723 1463 2758 eius
1491 2722 1633 2757 servata
1660 2720 1731 2756 sint
1750 2719 1915 2766 vestigia,
1948 2719 2044 2766 apud
2062 2719 2255 2765 scriptores

173 2782 317 2819 Atticos
335 2782 493 2819 eiusdem
520 2782 659 2819 dicendi
686 2783 953 2820 consuetudinis
980 2795 1051 2820 non
1077 2785 1306 2821 inveniantur
1333 2784 1399 2820 nisi
1420 2794 1529 2829 parva
1557 2783 1664 2828 atque
1690 2782 1830 2829 exigua.
1873 2782 1974 2818 Duae
1995 2782 2120 2817 autem
2138 2781 2254 2827 potis·

297 2900 328 2939 1)
350 2901 389 2931 cf.
412 2901 503 2933 Delb.
525 2902 546 2932 1.
569 2903 590 2932 1.

297 2949 329 2990 2)
351 2950 390 2982 ef.
413 2951 509 2983 etiam
530 2951 664 2992 Koppin.
689 2953 709 2984 l.
732 2953 752 2985 1.
775 2953 817 2991 11,
839 2962 911 2993 pag.
934 2952 975 2983 20
996 2963 1040 2994 sq.
