2485 3102
1101 118 1357 156 -23-

177 224 292 273 legati
319 224 357 262 in
386 225 570 264 contiones
597 226 775 274 prodeunt
796 227 859 264 101
885 228 923 265 111
951 229 1164 278 3113303111111
1189 229 1397 275 ascendunt,
1429 240 1500 267 non
1526 239 1649 267 omnes
1675 228 1786 267 verba
1819 228 1946 274 facere,
1981 226 2044 266 sed
2069 232 2184 266 unum
2208 227 2267 266 vel

181 285 339 324 alterum
375 286 422 325 ad
456 286 646 327 dicendum
673 287 841 336 electum,
876 301 939 339 per
974 302 1012 329 se
1037 291 1159 340 patet;
1193 292 1230 330 et
1255 291 1310 330 ita
1345 290 1455 330 etiam
1491 290 1586 340 apud
1622 289 1867 340 Thucydidem
1901 288 2111 339 saepissime
2129 299 2267 337 ,omues

177 347 294 397 legati
331 348 609 388 introducuntur
643 351 753 389 verba
788 352 974 398 facientes,
1011 353 1177 402 quamvis
1202 364 1314 391 unum
1348 353 1406 391 vel
1439 353 1595 391 alterum
1629 353 1773 392 tantum
1806 352 1916 392 verba
1934 348 2058 391 ‘faeere
2083 352 2267 400 appareat.

303 645 367 693 11,
389 647 453 688 37,
475 646 507 684 1.
1199 599 1256 644 V.

303 718 373 763 Sic,
402 720 444 756 ut
472 719 583 757 verba
609 720 794 769 leguntur,
830 721 921 757 illud
947 715 1004 757 ὅτι
1028 732 1096 758 11011
1124 721 1266 766 habere,
1303 732 1373 769 quo
1401 720 1589 766 referatur,
1618 730 1681 768 per
1707 731 1745 757 se
1772 722 1885 768 patet,
1922 732 1964 758 ac
1991 721 2051 758 vix
2078 722 2268 770 quisquam

180 779 260 823 erit,
288 779 351 827 qui
378 780 626 829 Thucydidem
661 781 717 819 ita
752 781 937 829 scripsisse
971 782 1175 820 arbitretur.
1228 783 1294 819 Est
1329 782 1392 819 ille
1426 782 1571 830 quidem
1603 781 1768 819 variandi
1802 782 1923 820 studio
1957 782 2061 820 valde
2095 783 2269 822 obnoxius

180 840 290 889 atque
316 840 415 878 haud
441 840 497 879 ita
523 852 605 880 raro
632 852 712 880 eam
730 843 920 881 verborum
942 842 1245 890 compositionem,
1275 854 1297 881 a
1314 854 1385 892 qua
1412 844 1467 882 est
1485 842 1677 891 profectus,
1706 843 1744 880 in
1763 853 1870 881 cursu
1889 843 2062 882 orationis
2081 843 2267 893 relinquit,

180 902 394 948 praesertim
439 902 470 939 si
516 903 720 950 amplorum
765 905 1030 941 enuntiatorum
1071 904 1190 941 factae
1230 906 1315 942 sunt
1355 904 1665 951 interpositiones;
1706 904 1767 940 sed
1807 905 1929 942 nostro
1967 905 2045 942 loco
2084 905 2269 952 scriptoris

180 963 349 1002 licentiae
375 964 463 1003 haec
491 966 598 1003 tanta
625 965 731 1003 venia
757 965 874 1003 danda
901 976 967 1003 non
996 976 1071 1003 esse
1099 965 1252 1004 videtur.
1307 966 1401 1014 Quid
1429 966 1543 1014 igitur
1577 965 1781 1004 faciamus?
1832 965 2090 1005 Herwerdenus
2124 960 2182 1004 ὅτι
2206 976 2267 1004 ex-

180 1025 320 1073 punxit,
360 1025 566 1071 Classenus,
604 1027 669 1064 alii
705 1027 790 1064 ferri
824 1026 966 1075 quidem
993 1027 1052 1063 vix
1088 1037 1191 1074 posse
1218 1029 1372 1065 censent.
1426 1027 1503 1076 Ego
1538 1038 1621 1064 cum
1662 1027 1700 1064 id
1743 1037 1855 1075 neque
1893 1028 2113 1076 Thucydidis
2155 1028 2270 1075 ipsius

180 1088 293 1125 fuisse
319 1088 411 1125 mihi
437 1089 688 1135 persuaserim,
718 1100 791 1134 nec,
821 1100 883 1126 cur
909 1089 946 1124 in
973 1090 1113 1126 textum
1140 1089 1336 1136 irrepserit,
1365 1100 1513 1128 causam
1540 1089 1654 1127 ullam
1681 1091 1790 1136 atque
1807 1089 1986 1127 rationem
2011 1089 2102 1127 inire
2119 1090 2266 1137 possim,

179 1149 300 1187 locum
319 1160 450 1188 sanum
468 1150 543 1189 fore
557 1150 733 1195 existimo,
748 1150 811 1188 ubi
824 1143 881 1186 ὅτι
898 1149 935 1188 111
950 1146 998 1191 ὦς
1012 1150 1286 1197 mutaverimus,
1306 1161 1377 1199 qua
1390 1150 1572 1199 particula
1586 1150 1631 1188 ad
1645 1149 1877 1199 participium
1891 1149 2271 1200 διαφθαρησομένους

180 1211 365 1249 referenda
392 1212 541 1259 optime,
577 1214 619 1249 ut
646 1213 744 1259 puto,
780 1212 889 1249 verba
924 1214 1049 1250 nostra
1076 1223 1116 1249 ex
1152 1213 1292 1250 Cleonis
1328 1214 1365 1250 et
1392 1213 1645 1250 Demosthenis
1680 1212 1860 1250 sententia
1900 1211 1998 1249 dicta
2039 1211 2266 1250 denotantur.

181 1272 309 1321 Neque
335 1272 465 1311 desunt
493 1273 563 1311 loci
590 1273 757 1310 similiter
783 1273 995 1321 comparati,
1024 1284 1177 1322 quorum
1203 1274 1394 1312 nonnqus
1421 1273 1570 1312 laudare
1596 1272 1726 1321 placet.
1779 1273 1848 1319 III,
1869 1273 1929 1318 33,
1955 1273 1987 1310 1.
2019 1273 2102 1318 115,
2123 1273 2195 1317 415.
2223 1272 2267 1317 V,

181 1335 243 1380 39,
273 1335 307 1370 3-
345 1334 428 1380 Vll,
456 1335 488 1380 7,
514 1336 549 1371 4.
578 1336 679 1381 VIII,
709 1336 791 1379 100,
819 1337 861 1372 2:
898 1329 1041 1384 ἄλφιτά
1072 1349 1113 1372 τε
1144 1337 1208 1372 καὶ
1239 1326 1358 1373 τᾶλλα
1389 1333 1583 1386 ἐπιτήδεια
1616 1332 1917 1383 παρασκευάζειν
1948 1333 2108 1370 ἐκέλευεν
2141 1330 2202 1379 αἷς,
2226 1326 2273 1383 ἢν

180 1395 316 1433 πλείων
340 1394 471 1445 χρόνος
494 1399 665 1446 γίγνηται,
690 1397 731 1434 ἐκ
753 1394 821 1446 τῆς
846 1400 994 1445 Λέσβου
1018 1395 1103 1438 τούς
1128 1397 1309 1439 ἐπίπλους
1334 1394 1381 1447 τῇ
1405 1399 1484 1445 Χίῳ
1510 1394 1765 1446 ποιησόμενος,
1791 1395 1885 1445 quod
1908 1395 1981 1434 fere
1998 1395 2157 1434 eiusdem
2174 1406 2273 1434 com-

179 1456 374 1504 positionis
401 1456 601 1504 exemplum
628 1459 693 1494 est.
735 1457 900 1495 Ceterum
919 1457 1011 1494 illud
1028 1455 1076 1497 ὠς
1092 1459 1237 1505 propter
1254 1458 1459 1495 litterarum
1479 1457 1754 1494 similitudinem
1780 1457 1952 1494 1301111ωο
1978 1457 2016 1493 111
2033 1451 2090 1493 ὅτι
2107 1457 2272 1494 aberrare

181 1518 344 1566 potuisse
378 1517 502 1565 liquet,
540 1519 575 1555 et
610 1518 836 1556 enuntiatum
872 1518 1114 1556 condicionale
1140 1519 1259 1566 ipsum
1287 1529 1397 1566 aeque
1431 1517 1694 1555 conformatum
1712 1519 1798 1555 ‘esse
1825 1528 1867 1555 ac
1893 1516 1957 1562 IV,
1977 1518 2038 1563 23,
2067 1518 2110 1555 2:
2137 1517 2273 1567 εἴρητο,

180 1577 249 1616 ἐάν
283 1579 347 1616 καὶ
382 1575 504 1616 ὁτιοῦν
539 1577 765 1629 παραβαθῇ,
800 1577 983 1618 λελύσθαι
1017 1578 1085 1621 τοὶς
1119 1578 1300 1626 σπονδάς,
1337 1579 1394 1617 101
1431 1579 1493 1625 VI,
1526 1580 1585 1625 56,
1616 1580 1659 1616 3:
1703 1571 1861 1629 ἤλπιζον
1895 1577 1965 1627 γάρ
2004 1579 2066 1615 καὶ
2100 1577 2186 1616 τούς
2220 1576 2273 1627 μή

181 1638 416 1688 προειδότας,
442 1637 476 1676 εἶ
497 1640 559 1676 καὶ
583 1636 783 1677 ὁποσοιοῦν
807 1639 1041 1689 τολμήσειαν,
1067 1641 1107 1677 ἐκ
1132 1638 1200 1677 τοῦ
1224 1638 1460 1690 παραχρῆμα
1485 1638 1678 1689 ἐθελήσειν
1704 1635 1805 1687 σφᾶς
1830 1635 1965 1681 αὐτούς
1991 1636 2275 1688 ξυνελευθεροῦν

183 1701 241 1738 101
267 1701 298 1747 I,
321 1701 380 1746 77,
401 1701 425 1737 3
452 1701 633 1738 monuisse
660 1701 719 1738 hic
746 1701 838 1738 satis
866 1702 933 1738 est.

1182 1935 1266 1982 VI.

309 1987 352 2032 V,
382 1987 443 2032 60,
478 1987 509 2024 1.

307 2059 426 2096 Verba
459 2056 533 2094 τῶν
567 2054 721 2107 Ἀργείων
755 2069 826 2106 (1110
867 2058 1078 2104 referantur,
1115 2059 1231 2105 primo
1263 2058 1394 2096 obtutu
1420 2058 1551 2096 habere
1577 2068 1648 2095 non
1675 2058 1853 2104 videntur,
1890 2068 2002 2106 neque
2029 2058 2176 2095 deerant
2203 2058 2273 2096 viri

182 2120 289 2166 docti,
318 2120 380 2168 qui
408 2120 554 2157 auctore
572 2118 811 2157 Herwerdeno
831 2117 949 2167 (stud.
980 2118 1043 2167 76)
1070 2121 1112 2157 ut
1138 2120 1320 2168 glossema
1347 2118 1579 2167 expungenda
1611 2130 1688 2156 esse
1706 2120 1900 2165 censerent,
1930 2118 1990 2167 (cf.
2011 2118 2159 2157 Classen
2182 2130 2203 2156 a
2221 2117 2276 2165 1.),

181 2182 453 2231 gravissimum,
482 2182 524 2219 ut
551 2181 706 2226 videtur,
736 2183 990 2229 argumentum
1018 2182 1099 2219 inde
1126 2182 1304 2225 ducentes,
1334 2181 1428 2228 quod
1455 2192 1548 2218 unus
1575 2180 1754 2218 inferioris
1782 2182 1889 2219 notae
1916 2180 2022 2218 codex
2059 2180 2169 2218 verba
2204 2190 2273 2218 non

181 2244 303 2282 habet.
358 2243 550 2281 Classenus
585 2253 667 2281 cum
695 2241 863 2291 Poppone
890 2254 932 2281 ea
958 2243 1143 2281 retinenda
1171 2253 1248 2281 esse
1275 2242 1413 2281 iudicat
1440 2252 1492 2289 ac,
1529 2242 1705 2292 quomodo
1733 2242 1814 2280 11111
1842 2241 2011 2289 construi,
2048 2241 2270 2280 demonstrat

182 2305 341 2342 versione
376 2305 448 2351 „da
482 2305 534 2341 sie
569 2304 665 2341 diese
691 2304 899 2352 Erklarung
934 2315 1002 2341 von
1036 2305 1103 2341 den
1130 2305 1308 2352 Argivern
1343 2304 1544 2352 abgaben“,
1581 2304 1635 2341 ita
1670 2305 1712 2341 ut
1748 2304 1793 2341 ad
1826 2302 1947 2340 ταῦτα
1978 2302 2163 2340 referenda
2197 2314 2274 2340 esse

181 2367 383 2405 videantur.
439 2365 506 2405 Sed
541 2367 635 2405 hanc
667 2365 1003 2414 interpretationem
1038 2368 1181 2405 tantum
1217 2366 1329 2412 abest,
1367 2367 1410 2403 ut
1445 2365 1657 2412 collaudem,
1694 2367 1735 2404 ut
1770 2366 1895 2404 contra
1926 2364 2058 2403 falsam
2090 2375 2170 2403 eam
2196 2375 2273 2403 esse

182 2429 272 2465 mihi
298 2428 549 2476 persuaserim
603 2428 701 2465 Nam
727 2425 849 2464 ταῦτα
875 2425 947 2463 τῶν
974 2424 1126 2476 Ἀργείων
1151 2438 1214 2475 per
1246 2437 1283 2464 se
1309 2427 1401 2464 nihil
1420 2427 1521 2464 aliud
1539 2428 1743 2476 significare
1761 2428 1890 2474 potest,
1919 2437 2028 2475 quam
2046 2427 2293 2474 propositum.

182 2501 220 2526 re
245 2501 329 2527 vera
357 2490 404 2527 ab
430 2488 580 2538 Argivis
608 2489 767 2532 faotum3
796 2488 899 2536 atqui
926 2498 1101 2535 nusquam
1130 2488 1285 2537 Argivos
1313 2489 1506 2537 quicquam
1532 2488 1760 2536 proposuisse
1786 2489 1939 2534 constat,
1968 2489 2011 2525 ut
2037 2489 2074 2526 et
2097 2488 2154 2534 iis,
2182 2498 2274 2535 quae

181 2550 286 2589 initio
320 2548 541 2600 paragraphi
576 2550 758 2599 leguntur,
794 2549 933 2587 verbis:
961 2547 1032 2585 τῶν
1066 2549 1107 2585 δὲ
1141 2545 1293 2622 Ἀργείωῖ
1326 2547 1394 2587 δύο
1427 2543 1593 2598 ἄνδρες.
1655 2543 1790 2596 ,Ἄγιδι
1814 2548 2052 2598 διελεγέσθην
2074 2562 2126 2598 μη
2154 2548 2274 2585 ποιεῒν

178 2611 313 2660 μάχην,
341 2613 453 2657 01113,
482 2623 574 2660 quae
592 2614 714 2650 nostro
741 2612 820 2648 loco
843 2608 1138 2658 3111111111111εαφ
1166 2609 1305 2647 ἑαυτῶν
1331 2612 1393 2647 καὶ
1418 2608 1462 2647 ου’
1486 2608 1554 2647 τοῦ
1579 2577 1753 2659 πλνθους
1780 2608 2017 2651 κελεύσαντος
2036 2604 2154 2655 εἶπον,
2182 2609 2274 2647 satis

180 2684 355 2722 superque
381 2673 662 2712 demonstratur.

305 2745 356 2782 At
381 2755 418 2782 re
444 2756 529 2782 vera
555 2756 626 2782 non
653 2746 776 2792 agitur
810 2744 1035 2792 propositum
1070 2744 1116 2780 ab
1152 2744 1317 2781 omnibus
1344 2744 1492 2791 Argivis
1527 2744 1676 2788 factum,
1714 2743 1775 2781 sed
1802 2743 1978 2780 simulant
2004 2742 2075 2779 duo
2108 2741 2165 2778 illi
2192 2740 2273 2786 viri,

179 2816 271 2853 quae
298 2805 370 2852 ipsi
396 2805 518 2843 dicant
545 2807 736 2854 agantque,
765 2816 807 2842 ea
834 2806 994 2843 omnium
1013 2804 1234 2852 Argivorum
1262 2805 1479 2842 auctoritate
1511 2806 1619 2852 atque
1637 2815 1813 2842 consensu
1830 2803 1920 2840 fieri.
1957 2802 2103 2840 festive!
2144 2802 2272 2839 Nonne

179 2866 342 2908 addenda
369 2868 447 2904 erat
475 2867 642 2916 scriptori
668 2866 850 2916 particula
877 2863 925 2908 ὦς
952 2866 1009 2904 101
1036 2866 1155 2904 31111110
1181 2866 1286 2914 quid,
1323 2877 1392 2914 quo
1428 2866 1614 2904 simulatio
1650 2866 1909 2904 denotaretur?
1954 2863 2049 2912 Quid
2082 2863 2197 2912 igitur
2231 2864 2273 2901 tu
