2485 3102
1139 85 1369 123 ...6-

199 201 337 241 simum
366 213 498 243 causae
525 205 648 251 erant,
685 217 778 254 quae
795 202 890 245 huic
916 208 1188 246 enuntiatorum
1214 206 1335 256 generi
1362 208 1578 246 inservirent
1603 206 1810 253 excolendo,
1848 206 1983 252 altera,
2012 205 2108 255 quod
2133 204 2304 244 muntia-

197 266 320 302 torum
346 265 534 322 copulatio
551 264 770 307 correlativa
796 267 990 318 aliquando
1017 269 1198 308 latissime
1210 269 1377 316 patebat,
1405 268 1533 315 altera,
1561 268 1657 318 quod
1681 278 1874 316 pronomen
1900 267 2095 306 relativum
2121 260 2303 348 paulatim

197 326 382 375 segregari
409 328 575 376 coeptum
604 329 660 367 est
686 339 709 367 a
735 329 944 378 pronomine
969 329 1262 369 demonstrativo.
1280 326 1311 378 1)

324 389 499 428 Habebat
517 391 614 428 enim
630 401 827 439 pronomen
853 387 906 437 ὃς,
931 387 968 442 ἦ,
995 408 1027 437 ο,
1056 392 1151 439 quod
1176 391 1372 429 relativum
1402 391 1585 438 appellare
1610 391 1874 432 consuevimus,
1901 391 1977 429 vim
2002 390 2215 439 primariam
2232 400 2302 427 non

198 449 394 490 relativam
412 445 475 489 sed
493 451 827 499 demonstrativam,
856 454 900 490 ut
919 453 976 490 vel
995 454 1035 491 eo
1046 452 1209 500 perspici
1235 451 1332 498 licet,
1360 451 1454 500 quod
1471 451 1705 490 Homericum
1731 448 1765 498 ὁ,
1789 449 1828 502 ἦ,
1852 448 1897 490 τό
1923 460 2034 501 aeque
2059 462 2101 490 ac
2118 451 2300 491 nostrum:

197 511 271 558 der,
300 511 369 558 die,
399 511 476 559 das,
506 512 583 551 vice
600 513 801 563 funguntur
826 513 982 551 relativi.
1028 513 1184 561 Quinam
1211 513 1334 550 autem
1361 512 1502 561 factum
1529 512 1590 557 sit,
1619 514 1661 550 ut
1688 512 1788 550 notio
1814 512 2101 551 demonstrativa
2127 513 2301 551 transiret

198 573 237 611 in
264 573 478 620 relativam,
507 574 672 623 intellegi
700 574 834 622 nequit,
863 574 932 611 nisi
960 585 1153 622 pronomen
1179 585 1233 619 ος,
1259 568 1297 623 ἦ,
1323 588 1344 611 ο
1372 573 1602 611 volventibus
1629 573 1732 611 annis
1750 584 1811 611 eas
1830 573 1972 622 proprie
1990 575 2111 622 partes
2129 573 2298 623 suscepit,

197 636 252 679 ut,
289 646 383 683 quae
420 636 529 673 antea
567 635 603 673 in
644 636 806 674 oratione
843 636 1123 673 commemorata
1160 635 1234 672 iam
1272 635 1410 680 essent,
1446 634 1579 671 iterum
1605 633 1764 672 breviter
1789 634 1996 681 denotaret,
2030 635 2134 673 cuius
2159 635 2299 685 generis

198 705 393 743 pronomen
415 696 649 745 grammatici
676 697 818 734 nomine
844 697 1095 743 nuncuparunt
1122 694 1343 743 anaphorici.
1391 694 1513 743 Atque
1539 705 1580 732 ex
1607 695 1676 732 hac
1701 694 1847 732 notione
1873 695 2091 743 anaphorica
2117 692 2297 744 paulatim

197 757 315 796 evasit
341 757 509 804 relativa,
539 769 648 806 quam
677 758 750 796 iam
777 757 873 806 apud
891 756 1136 806 Thucydidem
1164 756 1280 795 solam
1308 757 1450 795 exstare
1476 756 1622 795 scimus,
1668 756 1791 806 Atque
1815 755 1884 795 hoc
1909 757 2117 806 pronomine
2143 756 2297 797 relativo

196 820 420 866 quantopere
447 819 575 856 adiuta
593 820 642 856 sit
661 818 923 856 subiunctionis
941 819 1042 865 origo
1070 821 1180 865 atque
1207 819 1436 866 propagatio,
1465 818 1522 855 vel
1549 830 1590 855 ex
1618 829 1659 856 eo
1686 819 1925 867 cognoscitur,
1953 819 2048 866 quod
2074 829 2198 856 omnes
2224 819 2297 856 fere

198 879 486 925 coniunctiones,
523 890 614 928 quae
641 878 807 927 loquendi
835 879 1012 917 rationem
1042 878 1274 917 subiunctam
1303 878 1488 924 denotant,
1518 878 1564 917 ab
1592 878 1707 927 ipsius
1733 878 1847 927 stirpe
1873 879 1959 917 sunt
1985 878 2181 917 derivatae.

321 940 461 988 Quibus
487 941 595 978 rebus
621 940 827 989 praemissis
853 940 946 986 iam,
982 940 1077 978 unde
1104 940 1239 989 egressi
1266 952 1411 987 sumus,
1445 941 1670 979 revertamur
1707 952 1767 983 ac,
1802 939 1889 988 quid
1922 940 2004 978 inde
2036 940 2081 978 (le
2106 939 2294 978 modorum

194 1001 347 1047 delectu,
376 1002 496 1050 qualis
522 1002 572 1039 sit
598 1002 858 1051 Thucydideus,
888 1002 979 1039 disci
1006 1003 1133 1049 possit,
1163 1002 1350 1039 nobiscum
1377 1001 1652 1039 consideremus.

321 1063 523 1102 Enuntiata
553 1063 668 1113 igitur
701 1074 792 1112 quae
824 1064 999 1102 vocantur
1031 1064 1188 1102 relativa
1224 1063 1319 1112 apud
1346 1063 1545 1101 Homerum
1572 1063 1689 1101 altera
1715 1074 1756 1100 ex
1784 1064 1888 1111 parte
1914 1062 1972 1100 sui
1999 1063 2083 1101 sunt
2110 1062 2222 1109 iuris,
2250 1074 2292 1100 ex
2333 1066 2337 1069 ”

195 1134 267 1170 quo
294 1123 470 1169 efficitur,
507 1126 549 1162 ut
575 1124 673 1162 modi
700 1125 823 1162 eadem
850 1125 1012 1170 notione,
1050 1136 1143 1173 quae
1177 1126 1446 1162 enuntiatorum
1481 1125 1737 1172 primariorum
1770 1126 1869 1169 erat,
1905 1125 2050 1162 servata
2085 1125 2168 1162 usui
2204 1125 2291 1170 sint,

194 1183 346 1232 ideoque
373 1185 410 1222 et
441 1185 659 1223 coniunctivi
692 1185 753 1234 qui
790 1187 966 1224 vocantur
1000 1186 1203 1224 voluntatis
1230 1186 1286 1223 vel
1314 1185 1592 1234 exspectationis
1620 1185 1657 1223 et
1683 1185 1840 1233 optativi
1867 1195 1951 1223 cum
1980 1185 2196 1235 primigenia
2223 1194 2290 1222 sua

192 1245 342 1291 optandi
361 1245 506 1283 notione
523 1246 632 1282 multi
660 1246 894 1284 inveniantur
908 1245 951 1292 ²),
981 1248 1098 1286 altera
1125 1259 1165 1284 ex
1193 1249 1296 1294 parte
1324 1247 1597 1285 enuntiatorum
1621 1247 1877 1294 primariorum
1903 1246 1978 1283 iam
2006 1247 2094 1284 adeo
2121 1247 2291 1284 tenentur

192 1304 332 1343 dicione
359 1306 468 1354 atque
495 1306 693 1354 potestate,
731 1308 773 1345 ut
800 1308 856 1346 sui
885 1308 975 1346 iuris
1003 1319 1175 1357 magnam
1202 1309 1344 1355 partem
1372 1307 1561 1345 amiserint
1588 1317 1780 1356 eorumque
1807 1306 1904 1345 modi
1939 1307 2004 1344 aut
2035 1306 2228 1345 debilitata
2253 1306 2290 1344 vi

191 1365 366 1414 primaria
392 1367 632 1405 adhibeantur
659 1370 725 1406 aut
751 1369 898 1407 omnino
926 1380 1037 1407 novas
1068 1370 1190 1417 partes
1218 1368 1452 1416 susceperint,
1482 1379 1551 1416 quo
1579 1369 1632 1413 fit,
1661 1369 1704 1405 ut
1730 1370 1767 1406 et
1794 1368 2026 1412 coniunctivi,
2054 1368 2186 1416 quibus
2205 1379 2290 1405 con·

189 1427 282 1465 ditio
299 1439 464 1476 praesens
491 1429 550 1466 vel
577 1429 701 1467 futura
721 1431 842 1468 animo
870 1431 1034 1479 fingitur,
1065 1433 1101 1468 et
1128 1431 1294 1478 optativi,
1323 1431 1455 1478 quibus
1474 1431 1649 1478 cogitatio
1668 1431 1756 1476 eius,
1781 1430 1843 1478 qui
1860 1429 2033 1478 loquitur,
2062 1429 2286 1477 exprimitur,

188 1488 360 1536 permulti
380 1489 615 1537 reperiantur.
633 1487 664 1538 ⁸)
708 1491 825 1540 Atqui
853 1492 950 1540 apud
970 1492 1217 1541 Thucydidem
1237 1492 1426 1529 enuntiata
1454 1491 1609 1529 relativa
1646 1492 1715 1529 etsi
1751 1502 1820 1529 non
1848 1490 1946 1528 omni
1973 1501 2015 1528 ex
2042 1491 2145 1538 parte
2172 1491 2288 1528 instar

188 1551 274 1587 sunt
300 1550 400 1588 facta
418 1551 691 1590 enuntiatorum
719 1553 1007 1599 subiunctorum,
1037 1555 1078 1591 ut
1106 1555 1142 1591 et
1169 1554 1259 1591 alibi
1287 1553 1478 1591 absolutae
1497 1553 1667 1591 dictionis
1694 1553 1790 1601 apud
1807 1553 1958 1590 eundem
1977 1562 2172 1601 permagna
2199 1552 2284 1589 reli-

186 1622 260 1660 qua
287 1612 374 1649 sunt
400 1611 575 1661 vestigia,
612 1614 736 1653 tamen
774 1625 861 1653 suae
896 1615 1090 1663 potestatis
1117 1615 1239 1664 vigore
1274 1615 1383 1664 atque
1409 1614 1593 1665 gravitate
1628 1615 1715 1653 adeo
1752 1615 1825 1653 iam
1860 1615 2006 1663 privata
2036 1615 2142 1660 sunt,
2179 1614 2221 1651 ut
2248 1614 2286 1650 in

185 1672 361 1710 dicionem
389 1673 447 1710 vel
475 1675 574 1711 verbi
602 1675 659 1712 vel
686 1676 844 1713 nominis
871 1676 1018 1713 redacta
1045 1678 1234 1714 enuntiata
1261 1688 1345 1714 vere
1380 1676 1593 1714 secundaria
1620 1676 1780 1714 ducenda
1807 1687 1883 1714 esse
1909 1676 2111 1714 videantur.
2164 1675 2286 1723 Atque

184 1732 222 1770 id
240 1744 310 1781 quo
328 1733 406 1771 iure
424 1733 623 1781 credamus,
652 1735 710 1774 vel
737 1747 778 1774 ex
797 1747 838 1775 eo
857 1737 1010 1785 perspici
1038 1738 1168 1785 potest,
1197 1737 1291 1786 quod
1309 1748 1371 1776 eae
1398 1737 1585 1775 modorum
1612 1737 1786 1783 notiones,
1814 1736 1946 1785 quibus
1973 1737 2069 1785 apud
2086 1736 2284 1774 Homerum

184 1794 375 1831 enuntiata
400 1794 557 1833 relativa
583 1797 640 1834 sui
659 1796 840 1844 quondam
868 1797 957 1834 iuris
985 1798 1095 1835 fuisse
1113 1798 1399 1835 luculentissime
1418 1798 1697 1842 demonstratur,
1727 1798 1822 1844 apud
1841 1798 2087 1845 Thucydidem
2105 1797 2144 1833 in
2162 1797 2283 1834 eodem

183 1855 456 1893 enuntiatorum
482 1867 613 1904 genere
639 1858 784 1895 omnino
811 1869 879 1895 non
908 1859 1145 1905 reperiuntur.

306 1915 376 1955 Sed
403 1928 495 1955 nunc
520 1917 597 1956 iam
624 1918 797 1967 exemplis
824 1929 915 1968 quae
942 1921 1086 1958 exstant
1113 1920 1324 1967 illustrabo,
1362 1931 1434 1969 qua
1462 1919 1687 1969 Thucydides
1722 1919 1860 1958 ratione
1893 1919 1930 1957 in
1957 1918 2156 1957 enuntiatis
2184 1918 2279 1956 rela-

181 1977 269 2015 tivis
296 1979 567 2017 coniunctivum
595 1982 706 2029 atque
732 1982 938 2029 optativum
966 1983 1206 2029 usurpaverit.

1072 2096 1111 2130 Α.
1139 2091 1391 2131 coniunctivae.

307 2161 428 2199 Unum
456 2163 770 2201 coniunctivorum
796 2175 931 2213 genus,
960 2175 1029 2212 quo
1057 2164 1133 2201 solo
1161 2164 1386 2213 Thucydides
1413 2165 1450 2202 in
1478 2165 1678 2202 enuntiatis
1704 2164 1868 2203 relativis
1895 2164 2024 2209 utitur,
2053 2163 2090 2200 id
2116 2164 2182 2207 est,
2211 2173 2282 2210 quo

183 2222 340 2260 conditio
368 2224 425 2261 vel
453 2236 620 2272 praesens
648 2226 706 2263 vel
732 2226 859 2263 futura
886 2226 1107 2274 cogitatione
1134 2226 1283 2274 fingitur
1311 2228 1420 2274 atque
1446 2227 1649 2272 denotatur,
1677 2227 1715 2264 id
1741 2225 1836 2276 quod
1862 2226 1931 2263 viri
1957 2225 2074 2264 docti:
2103 2223 2282 2263 Coniunc-

181 2281 256 2318 tive
283 2282 344 2319 der
370 2284 630 2322 fallsetzenden
657 2286 859 2331 Annahme,
887 2285 1112 2323 futuriscben
1131 2287 1377 2334 Vorstellung,
1398 2287 1568 2324 similiter
1586 2288 1771 2324 nominare
1789 2287 1918 2323 solent.
1963 2285 2280 2323 Coniunctivorum

181 2341 312 2389 igitur,
349 2345 411 2392 qui
444 2348 620 2383 vocantur
652 2347 873 2392 voluntatis,
911 2358 1063 2395 quorum
1091 2348 1185 2394 apud
1213 2348 1411 2385 Homerum
1438 2359 1594 2396 magnus
1621 2349 1677 2386 est
1704 2358 1891 2392 numerus,
1928 2357 1972 2385 ne
2006 2357 2099 2384 unus
2133 2345 2278 2394 quidem

181 2402 360 2442 invenitur
379 2405 643 2455 Thucydideus,
673 2409 709 2445 et
736 2408 897 2456 ipsorum
925 2409 1202 2456 exspectationis
1230 2409 1538 2448 coniunctivorum
1566 2411 1665 2447 certa
1692 2409 1836 2457 quidem
1863 2408 2020 2457 vestigia
2046 2407 2149 2445 nulla
2175 2418 2278 2445 man-

179 2465 316 2532 serunt,
343 2477 563 2548 quamquam
589 2468 634 2505 de
659 2479 731 2506 uno
758 2469 816 2506 vel
844 2469 971 2537 altero,
999 2480 1155 2516 quanam
1175 2471 1320 2507 notione
1338 2471 1523 2517 praeditus
1542 2471 1603 2538 sit,
1623 2470 1785 2507 dubitari
1803 2470 1934 2517 potest.
1980 2468 2077 2506 Nam
2095 2468 2160 2512 IV,
2181 2468 2237 2512 17,
2258 2468 2275 2503 1

1124 2528 1440 2542 =====

305 2623 336 2664 1)
358 2626 397 2658 cf.
418 2626 595 2660 Windisch:
626 2629 727 2661 Ueber
748 2630 912 2672 Ursprung
933 2630 963 2662 d.
986 2631 1125 2662 Relativ-
1114 2641 1319 2671 -,pronomens
1351 2632 1383 2663 in
1413 2631 1501 2664 Curt.
1523 2632 1607 2664 stud.
1630 2632 1690 2664 vol.
1713 2632 1755 2670 11,
1776 2641 1850 2672 pag.
1872 2629 1933 2662 201
1955 2639 2010 2670 sq„
2040 2629 2144 2669 Jolly·
2174 2625 2277 2659 Ueber

176 2675 355 2707 dns-elme
366 2676 458 2708 Form
472 2677 528 2709 der
540 2678 724 2719 Hypotaxis,
740 2680 856 2713 ibidem
868 2681 914 2713 VI
924 2691 997 2721 pag.
1010 2681 1072 2711 208
1085 2692 1141 2721 sq„
1154 2683 1315 2713 Foerster:
1331 2683 1369 2714 de
1384 2684 1575 2715 attractione
1590 2686 1696 2715 enunt.
1712 2684 1778 2720 rel„
1791 2683 1983 2714 Delbrueck:
1998 2681 2089 2720 Synt.
2104 2679 2230 2710 Forsch.
2249 2680 2275 2714 1.

173 2736 250 2768 pag.
271 2725 316 2759 30
334 2736 392 2768 sq„
414 2728 539 2770 Lange:
560 2730 650 2764 Hom.
673 2731 839 2766 Gebrauch
860 2733 890 2766 d.
912 2733 999 2766 Part.
1022 2733 1061 2771 el,
1084 2734 1149 2766 alii.

144 2783 145 2786 ’
300 2777 333 2817 2)
355 2778 395 2809 cf.
418 2778 508 2809 Delb.
531 2781 552 2810 l.
575 2782 596 2812 l.
617 2791 692 2821 pag.
714 2782 755 2813 38
776 2793 822 2822 sq.
844 2786 877 2814 et
899 2784 959 2813 129
980 2794 1026 2823 sq.

299 2828 333 2870 3)
355 2829 395 2863 cf.
418 2829 510 2863 Delb.
532 2840 605 2872 pag.
626 2831 667 2863 42
688 2843 733 2874 sq.
756 2835 789 2868 et
810 2833 871 2865 132
892 2845 937 2875 sq.
