2485 3102
1099 137 1352 180 -15-

186 243 260 283 τῶν
284 247 654 297 προσβοηθησάντων
679 251 741 287 καὶ
765 265 879 293 ουτως
904 254 1032 300 σφίσιν
1056 248 1341 318 ἀσφαλεστέροις
1366 254 1471 300 ἔχειν,
1496 248 1549 296 οἷς
1573 268 1625 296 τις
1641 255 1694 304 εἴη
1712 249 1848 303 εὔνους,
1866 268 2076 308 κρατησασι
2090 268 2263 307 προσχω·

189 304 318 357 ρῆσαι,
352 307 416 346 ubi
441 309 479 347 in
514 310 674 349 oratione
707 313 806 350 recta
831 307 885 354 οἷς
907 325 961 354 τις
986 306 1033 350 ἂν
1056 305 1181 353 εὔνους
1205 300 1230 362 ᾗ
1256 312 1312 349 vel
1347 313 1464 350 simile
1497 314 1580 362 quid
1613 317 1848 363 reponendum
1876 319 1979 356 esset.
2034 318 2105 364 VI,
2136 319 2194 364 71,
2224 320 2260 356 2.

214 368 292 406 .τά
315 383 355 407 τε
379 364 475 408 ἄλλα
499 372 561 409 καὶ
585 374 688 410 σῖτον
712 375 774 411 καὶ
799 384 896 411 οσων
921 374 997 411 δέοι
1021 372 1390 422 παρασκευάσωνται,
1415 386 1483 423 quo
1502 376 1578 413 loco
1597 378 1840 417 coniunctivus
1858 381 2029 418 orationis
2048 381 2167 418 rectae
2186 392 2260 418 ser-

188 430 326 469 vandus
352 431 463 470 fuisse
488 433 639 480 videtur,
668 434 763 484 quod
788 435 899 472 etiam
925 434 964 472 in
990 434 1188 472 enuntiatis
1215 434 1396 483 finalibus,
1431 438 1523 475 inter
1551 451 1639 487 quae
1673 442 1898 480 enuntiatum
1924 443 2118 481 relativum
2145 443 2259 479 inter-

189 493 348 539 positum
375 496 440 540 est,
469 495 685 533 coniunctivi
711 497 845 543 integri
871 498 1128 534 remanserunt.
1181 497 1319 543 Quibus
1347 498 1436 535 adde
1463 500 1491 545 1,
1512 502 1571 546 95,
1591 504 1625 538 2.
1670 504 1732 548 IV,
1754 504 1813 549 29,
1833 506 1868 542 3.

588 622 641 658 lv.
666 621 845 668 optativus
871 621 1047 658 modorum
1074 620 1223 666 quadam
1249 620 1456 658 attractione
1482 623 1578 659 ortus
1604 633 1685 661 ease
1710 626 1854 664 videtur.

310 703 419 741 Cuius
444 704 582 751 generis
609 704 682 742 tria
708 703 870 752 exempla
895 702 1033 741 inveni:

310 764 378 810 III,
408 765 442 811 9,
463 766 505 803 2:
541 765 603 801 καὶ
628 777 694 801 ουκ
718 757 842 805 α’δικος
867 758 962 813 αὔτη
989 760 1013 814 ἡ
1038 760 1189 806 αξιωσίς
1214 764 1325 809 ἐστιν,
1357 763 1391 801 εἶ
1412 777 1455 801 τυ
1457 778 1552 810 χοιει
1576 765 1670 814 πρὸς
1694 764 1869 818 άλληλους
1893 767 1936 806 οῖ’
1951 783 1992 807 τε
2015 769 2261 820 ἀφιστάμενοι

188 826 252 862 καὶ
282 823 350 873 ἀφ’
383 838 433 863 ων
466 828 704 872 διακρίνοιντο
738 825 811 861 ἴσοι
841 828 910 871 μὲν
941 823 988 873 τῇ
1019 823 1139 871 γνώμῃ
1172 837 1273 864 οντες
1305 826 1367 861 καὶ
1397 822 1531 873 εὔνοια,
1566 825 1758 864 ἀντίπαλοι
1791 830 1832 865 δὲ
1864 828 1911 877 τῇ
1943 831 2163 881 παρασκωῇ
2197 835 2260 871 καὶ

189 885 350 935 δυνάμει.
390 887 560 925 similiter
586 887 649 933 VI,
679 887 739 934 91,
760 888 796 925 6.

312 950 414 996 VIII,
443 951 503 996 95,
523 950 566 986 4:
593 948 634 984 ἐκ
657 946 730 984 τῶν
754 948 815 984 ἐπ’
842 949 984 994 ἔσχατα
1009 946 1076 984 τοῦ
1099 942 1231 989 ἄστεος
1255 946 1373 984 οἰκιῶν
1391 949 1534 996 (ἔτυχαν
1562 948 1910 1002 επισιτιζόμιενοι),(ν
1889 967 1990 995 οπως
2013 952 2259 1003 ἀναγκάσειαν

188 1010 274 1052 τούς
301 1008 512 1060 Ἀθηναίους
537 1004 650 1051 οὕτως
675 1004 776 1050 ὅπως
800 1007 942 1054 τύχοιεν
966 1005 1185 1055 ἀνάγεσθαι.

312 1072 435 1110 Primo
462 1071 605 1119 quidem
632 1070 762 1108 obtutu
788 1070 855 1107 hoc
881 1069 974 1107 inter
999 1070 1243 1116 optativorum
1261 1081 1373 1119 genus
1392 1073 1500 1120 atque
1518 1073 1565 1118 id,
1594 1074 1686 1121 quod
1703 1076 1872 1113 orationis
1892 1077 2056 1125 obliquae
2074 1080 2256 1127 proprium

191 1135 257 1181 est,
285 1134 379 1172 ratio
406 1132 582 1182 quaedam
608 1131 823 1170 intercedere
842 1130 1001 1176 videtur3
1028 1131 1106 1168 iure
1124 1131 1254 1169 saltem
1273 1131 1342 1169 dici
1361 1134 1491 1181 potest,
1520 1136 1655 1172 remota
1674 1136 1936 1175 enuntiatorum
1955 1139 2254 1179 condicionalium

191 1196 248 1235 vel
282 1196 446 1234 finalium
480 1194 667 1233 vicinitate
693 1194 730 1231 in
756 1193 941 1231 enuntiato
968 1193 1120 1231 relativo
1147 1194 1226 1241 ipso
1251 1194 1342 1232 nihil
1368 1195 1489 1241 fuisse,
1528 1207 1590 1233 cur
1616 1198 1796 1244 optativus
1823 1200 2001 1246 ponendus
2028 1203 2132 1240 esset.
2187 1203 2256 1241 Sed

191 1260 313 1295 tamen
347 1257 473 1302 altera,
509 1267 599 1303 quae
633 1256 725 1292 mihi
762 1255 914 1302 probata
948 1257 1013 1300 est,
1052 1255 1252 1302 explicandi
1285 1257 1379 1294 ratio
1414 1259 1595 1304 praestare
1631 1259 1779 1296 videtur.
1832 1261 1921 1298 Cum
1947 1263 2041 1299 enim
2068 1265 2257 1302 enuntiata

190 1320 343 1358 relativa
378 1318 595 1367 dependeant
630 1318 675 1355 ab
711 1316 883 1356 eiusmodi
910 1316 1106 1355 enuntiatis
1131 1317 1326 1365 primariis,
1354 1329 1505 1367 quorum
1530 1319 1688 1367 ipsorum
1706 1321 1859 1360 actiones
1878 1323 2093 1372 cogitatione
2111 1326 2256 1363 tantum

192 1381 389 1430 finguntur,
424 1390 539 1418 nonne
574 1391 614 1418 ex
641 1381 720 1428 ipsa
754 1380 805 1417 rei
839 1380 970 1417 natura
1003 1379 1057 1425 fit,
1095 1380 1137 1416 ut
1172 1380 1282 1417 etiam
1317 1380 1585 1418 enuntiatorum
1620 1382 1849 1421 relativorum
1885 1386 2040 1423 actiones
2076 1387 2257 1436 cogitatae

192 1445 338 1482 tantum
364 1443 529 1488 evadant,
557 1444 599 1480 ut
625 1453 716 1489 quae
742 1443 890 1479 illarum
916 1442 1105 1479 teneantur
1130 1442 1310 1488 potestate
1336 1454 1378 1480 ac
1404 1446 1522 1480 nexu?

313 1505 413 1543 Haec
439 1504 562 1550 habui,
591 1515 680 1551 quae
707 1503 859 1541 dicerem
886 1502 929 1540 de
954 1502 1140 1540 modorum
1166 1503 1292 1550 electu,
1329 1514 1433 1552 quem
1462 1504 1686 1554 Thucydides
1703 1506 1740 1543 in
1759 1508 1950 1546 enuntiatis
1969 1509 2131 1547 relativis
2159 1510 2257 1549 fecit.

192 1567 291 1614 Quae
308 1566 340 1604 si
358 1566 473 1604 denuo
492 1565 679 1603 nobiscum
696 1565 956 1612 reputabimus,
975 1564 1044 1602 hae
1061 1564 1134 1603 fere
1150 1565 1258 1613 leges,
1278 1576 1367 1614 quas
1387 1566 1611 1615 Thucydides
1630 1570 1770 1606 secutus
1784 1570 1842 1611 sit,
1863 1570 2130 1608 constituendae
2142 1574 2258 1609 erunt.

1079 1686 1102 1725 Ι.
1131 1685 1384 1727 coniunctivae.

315 1782 347 1808 a.
384 1770 745 1808 Coniunctivum
780 1769 1024 1817 particula
1056 1762 1112 1805 ἄν
1146 1769 1305 1806 omissa
1338 1769 1612 1818 Thucydides
1643 1771 1785 1808 tribus
1813 1772 1919 1809 locis
1946 1776 2041 1820 post
2067 1776 2260 1821 tempora

384 1832 640 1879 assumpsit
680 1831 915 1880 primaria.
984 1831 1082 1878 Quo
1121 1831 1356 1879 peculiari
1395 1833 1438 1869 et
1476 1844 1497 1869 a
1533 1834 1772 1880 poetarum
1815 1834 2034 1882 loquendi
2074 1836 2259 1874 ratione

383 1894 503 1933 haud
530 1894 684 1932 alieno
711 1893 897 1931 dicendi
923 1904 1088 1943 genere
1115 1904 1194 1931 cur
1220 1893 1517 1943 Thucydides
1544 1906 1652 1933 usus
1677 1906 1760 1933 non
1787 1896 1868 1939 sit,
1895 1896 2062 1935 ratione
2088 1897 2258 1947 quidem

383 1967 431 1994 ac
459 1956 613 1994 causis
641 1955 1011 1993 demonstratum
1038 1966 1123 1993 non
1151 1956 1231 1992 est.
1249 1953 1278 2003 l)

315 2019 350 2056 b.
387 2017 735 2055 coniunctivum
769 2017 1007 2064 particula
1042 2010 1096 2054 ἄν
1131 2017 1291 2054 addita
1326 2017 1616 2065 Thucydides
1655 2020 1757 2065 post
1794 2020 1996 2066 tempora
2034 2020 2258 2067 primaria

384 2079 541 2128 posuit
576 2079 785 2128 octogies
820 2080 891 2116 ter
924 2078 1085 2127 (vicies
1119 2078 1165 2115 in
1200 2078 1434 2116 foederum
1472 2078 1795 2128 monumentis)
1830 2082 1873 2117 et
1907 2082 2014 2128 post
2048 2082 2258 2128 tempora

385 2141 669 2178 secundaria
715 2141 998 2188 quadragies
1034 2141 1114 2176 ter.
1182 2141 1241 2176 Ex
1278 2152 1362 2187 quo
1407 2141 1678 2188 colligitur,
1728 2142 2072 2180 coniunctivum
2119 2142 2258 2190 duplo

383 2203 479 2241 fere
505 2202 610 2251 plus
637 2202 860 2251 primaria
887 2201 1017 2251 sequi
1044 2202 1252 2250 tempora
1278 2212 1410 2250 quam
1437 2201 1728 2240 secundaria.

315 2265 481 2303 Ceterum
515 2266 702 2303 enuntiata
736 2276 816 2302 cum
850 2264 1071 2312 temporibus
1107 2264 1290 2301 historicis
1325 2264 1503 2301 instructa
1528 2265 1659 2312 ubique
1685 2266 1737 2302 ita
1764 2267 1969 2313 comparata
1995 2268 2089 2312 sunt,
2118 2267 2159 2304 ut
2185 2278 2256 2304 non

192 2328 288 2366 nuda
322 2328 463 2367 exstent
496 2327 658 2376 tempora
691 2327 767 2375 illa,
805 2327 866 2366 sed
900 2327 1028 2366 ornata
1062 2337 1200 2376 semper
1234 2328 1299 2365 aut
1332 2326 1510 2365 infinitivo
1544 2328 1608 2366 aut
1642 2327 1830 2377 participio
1857 2329 1921 2367 aut
1947 2327 2171 2366 coniunctivo
2199 2328 2256 2366 vel

192 2389 370 2439 optativo,
406 2390 461 2428 ita
486 2391 529 2427 ut
563 2389 751 2428 enuntiata
777 2389 930 2427 relativa
957 2400 1026 2427 non
1052 2391 1130 2426 tam
1157 2390 1202 2426 ab
1229 2389 1304 2426 illis
1331 2400 1440 2437 quam
1468 2389 1513 2426 ab
1541 2390 1597 2427 his
1624 2390 1771 2437 pendere
1809 2391 1980 2428 censenda
2005 2391 2089 2428 sint.
2142 2390 2258 2439 Atqui

191 2454 393 2500 temporum
428 2452 717 2490 secundariorum
751 2463 813 2489 eae
838 2451 984 2497 formae,
1019 2451 1150 2499 quibus
1184 2451 1283 2489 deest
1317 2452 1560 2499 augmentum,
1597 2451 1735 2489 nullam
1760 2463 1821 2499 per
1847 2463 1884 2490 se
1910 2452 2043 2490 habent
2070 2452 2256 2499 praeteriti

191 2513 383 2561 notionem,
419 2513 483 2553 sed
516 2513 619 2563 quasi
654 2512 895 2552 adulterinam
928 2513 983 2551 ita
1018 2513 1218 2560 assumunt,
1254 2514 1296 2552 ut
1329 2513 1548 2562 temporibus
1585 2513 1786 2560 praeteritis
1814 2523 1916 2561 saepe
1941 2513 2131 2551 adiunctae
2156 2513 2257 2562 ipsae

192 2586 330 2624 quoque
363 2577 597 2623 temporalem
631 2576 811 2613 notionem
845 2576 1106 2623 quodammodo
1139 2577 1302 2613 induant.
1355 2578 1481 2624 Itaque
1517 2589 1578 2623 per
1612 2588 1648 2613 se
1681 2577 1780 2623 patet
1814 2576 1880 2613 has
1914 2576 2047 2613 formas
2086 2587 2169 2614 cum
2195 2588 2259 2614 nec

191 2636 372 2687 propriam
398 2637 556 2677 habeant
582 2637 656 2676 vim
682 2636 916 2687 temporalem
937 2648 1001 2676 nec
1020 2649 1102 2676 cum
1119 2636 1305 2676 indicativi
1323 2637 1493 2676 relatione
1511 2636 1698 2686 temporali
1716 2636 2001 2686 comparandam,
2031 2636 2077 2675 ad
2093 2638 2259 2687 tempora

192 2701 388 2748 praeterita
413 2702 622 2750 plerumque
643 2702 681 2738 in
708 2702 866 2739 oratione
891 2701 1037 2750 obliqua
1058 2701 1200 2739 additas
1220 2701 1384 2748 inprimis
1402 2701 1511 2738 fuisse
1527 2692 1641 2747 aptas,
1671 2701 1799 2749 quibus
1818 2701 2065 2739 coniunctivus
2092 2700 2260 2739 enuntia-

192 2762 333 2802 tionum
359 2762 595 2802 relativarum
623 2763 757 2802 servari
783 2764 903 2812 posset
931 2773 972 2801 ac
998 2763 1156 2801 retineri.

318 2914 348 2956 1)
370 2915 409 2948 cf.
431 2925 511 2957 quae
531 2925 603 2957 pag.
626 2914 646 2947 8
667 2914 705 2948 do
725 2915 784 2949 hac
804 2924 837 2948 re
858 2914 1094 2955 disputavimus.
