2485 3102
1116 104 1375 147 „22-

314 214 481 262 tempora
507 215 746 255 antecedunt.

315 285 612 335 imperfecta
654 287 704 334 11,
734 289 795 335 79,
823 289 859 327 6.
902 288 968 326 καὶ
1000 285 1116 327 ὁπότε
1145 291 1214 336 μὲν
1246 288 1384 325 ἐπίοιεν
1415 286 1452 325 οἱ
1482 283 1678 337 'Am’
1710 287 1949 334 ἐνεδίδοσαν,
1969 284 2205 335 &mmm
2247 287 2291 324 δὲ

188 345 377 392 ἐνέκειντο,
430 343 2315 398 Ι90599311,13715118,2.34,.,,.7493.51465,.,9764’.Ῑ[[,,.21468,γ

189 406 224 445 2.
271 407 390 455 97,3.
434 407 641 456 1V‚,.232
687 410 994 455 26,7.100,3
1038 409 1232 479 VH‚4,6.
1279 408 1396 454 44,6.
1444 406 1676 457 '70‚3(his).
1719 408 1837 455 75,.3
1881 407 2125 456 vm,53‚8
2172 407 2298 462 73,5..

312 469 525 517 1V,77,1.
568 467 591 508 ὁ
622 471 667 509 δὲ
689 467 945 520 Ἱπποκράτης
977 467 1102 516 αὐτὸς,
1133 465 1250 506 ὁπότε
1281 466 1407 518 καιρός
1430 467 1501 517 εἴη,
1532 468 1658 516 ἔμελλε
1682 466 1896 518 στρατεύειν
1920 469 1959 511 ἐς
1982 467 2069 512 τοιῗς
2092 466 2291 515 Βοιωτους,

189 531 903 581 msimlitetwmpmtamssza.
947 531 1011 577 VI,
1032 532 1148 577 66,.1

312 604 582 653 participia
608 603 901 675 imperfectorum
927 602 1005 641 vice
1030 601 1229 651 fungentis.
1284 601 1409 647 V,16,
1433 601 1465 639 1.
1510 600 1547 643 ἐς
1573 600 1759 648 ἐπιθυμίαν
1791 602 1868 643 τοῖς
1892 602 2198 649 Λακεδαᾳωνίοις
2230 597 2291 639 ἀεὶ

188 663 487 733 προβαλλόμενος
510 662 578 702 ὑπ’
605 662 745 711 αὑτοῖν,
773 662 889 701 ὁπότε
912 677 947 699 τι
972 665 1190 708 πταίσειαν,
1217 662 1254 699 st
1280 662 1330 707 ΙΙ,
1358 662 1475 707 43,1.
1520 658 1638 697 ὁπότε
1661 660 1725 696 καὶ
1749 663 1863 709 πείρᾳ
1889 673 1955 698 του
1979 660 2156 710 σφαλοῢν
2174 661 2291 711 (sici),

186 721 254 762 οὐκ
278 713 350 764 οὖν
370 726 435 764 καὶ
458 724 530 776 τήν
553 724 664 764 πόλιν
686 740 726 774 γε
748 723 815 775 τῆς
848 727 1034 772 σφετέρας
1055 719 1191 771 οἱρετῆς
1215 719 1402 767 ἀξιοῦντες
1427 724 1648 770 στερίσκειν,
1685 721 1748 760 ubi
1783 721 1916 761 miram
1941 721 2105 762 massoni
2137 724 2290 763 annota-

187 786 344 826 tionem:
371 786 679 836 hypothetiseher,
707 785 808 825 nicht
825 783 1013 824 iterativer
1030 782 1182 832 Optativ
1198 805 1246 810 —
1262 794 1331 822 non
1348 782 1542 831 intellego·
1533 811 1542 827 ‚
1569 793 1655 821 nam
1674 783 1838 832 optativo
1865 782 2036 821 iterativo
2055 783 2189 833 ubique
2214 795 2290 823 rem

189 848 380 887 coniuncte
405 848 544 888 elatam
570 848 733 887 denotari
758 847 839 895 quis
866 847 922 884 est
948 845 1011 893 qui
1038 846 1251 893 negaverit?

310 918 571 968 optativus.
600 918 663 963 VI,
683 918 743 963 97,
764 918 799 954 5.
837 914 1016 966 φρούριον
1042 912 1305 965 ᾠκοδόμησαν,
1327 910 1429 958 ὅπως
1450 914 1507 963 εἴη
1533 911 1672 960 αὐτοῖς,
1698 912 1816 952 ὁπότε
1841 915 2004 965 προΐοιεν
2025 906 2292 966 ἧμαχούμενοι

184 971 211 1029 ἢ
235 976 464 1027 tambac,
489 982 567 1022 τοῖς
591 994 632 1017 τε
656 977 799 1017 σκεύεσι
824 979 888 1016 καὶ
911 980 989 1020 τοῖς
1022 975 1210 1027 χρήμασιν
1242 973 1441 1027 ἀποθήκη,
1479 976 1543 1014 ubi
1571 976 1768 1024 optativus,
1808 977 1871 1025 qui
1907 977 2096 1015 modorum
2131 977 2290 1025 quadam

184 1040 450 1080 assimilatione
476 1041 578 1080 ortus
603 1041 658 1079 est
685 1051 726 1079 ex
753 1039 993 1085 coniunctivo,
1021 1049 1104 1076 vere
1129 1037 1322 1077 iterativus
1349 1037 1533 1087 putandus
1559 1038 1627 1077 est

246 1103 250 1108 ⁵
311 1113 567 1161 optativus
593 1113 639 1149 in
665 1112 884 1149 oratione
918 1110 1113 1158 obliqua
1146 1110 1341 1148 invenitur.
1377 1110 1461 1156 VII,
1480 1111 1542 1156 48,
1565 1111 1598 1147 1.
1624 1110 1758 1147 λαθεῖν
1789 1109 1859 1159 γάρ
1883 1103 1932 1147 ἂν
1957 1109 2145 1159 (ἐνόμζε),
2171 1104 2289 1148 ὁπότε

179 1170 383 1223 βούλοιντο,
412 1171 522 1212 τοῦτο
547 1170 737 1215 ποιοῦντες
762 1169 889 1221 πολλῷ·
912 1160 1046 1224 ἧσσον,
1073 1171 1168 1220 quod
1193 1171 1484 1211 enuntiationum
1521 1171 1778 1221 temporalium
1811 1171 1958 1211 unicum
1984 1172 2187 1221 exemplum
2220 1173 2287 1219 est,

186 1246 258 1284 quo
284 1236 323 1273 in
351 1235 514 1273 oratione
538 1235 687 1282 obliqua
713 1235 900 1282 optativus
936 1234 1052 1271 fertur
1086 1245 1151 1281 pro
1184 1245 1308 1271 eorum
1339 1235 1587 1281 exemplorum
1619 1244 1778 1279 numero,
1816 1234 1855 1271 in
1881 1235 2014 1282 quibus
2050 1234 2288 1272 indicativum

187 1297 255 1336 aut
281 1296 551 1336 coniunctivum
578 1296 645 1334 aut
670 1294 825 1345 denique
850 1294 1075 1334 infinitivum
1104 1294 1331 1346 Thucydides
1357 1295 1491 1344 posuit.
1544 1294 1657 1334 Haud
1681 1294 1797 1344 igitur
1824 1295 1870 1334 ab
1897 1305 1936 1334 re
1961 1305 2038 1334 esse
2064 1295 2165 1342 duco,
2204 1305 2287 1334 cum

187 1358 499 1396 coniunctivorum
524 1357 688 1404 exempla
713 1357 789 1394 iam
815 1356 1122 1401 deuotam-imus,
1150 1356 1264 1393 etiam
1291 1367 1332 1393 ex
1359 1357 1416 1402 iis,
1445 1357 1579 1404 quibus
1606 1356 1797 1393 indicativi
1823 1357 1881 1393 vel
1908 1356 2082 1394 infinitivi
2108 1356 2285 1401 feruntur,

171 1418 357 1469 'exemplis
383 1417 557 1458 nonnulla
583 1417 729 1469 digesta
754 1417 816 1457 hic
841 1417 1075 1468 perlustrare

307 1491 429 1539 Atque
454 1490 676 1528 indicativus
702 1490 849 1538 quidem
875 1491 1016 1538 integer
1041 1490 1191 1527 relictus
1218 1492 1292 1527 est:
1321 1491 1350 1535 Ι,
1371 1492 1405 1533 2,
1427 1492 1462 1527 2.
1514 1483 1656 1539 ἄδηλον
1687 1483 1742 1535 ὃν,
1775 1487 1893 1526 ὁπότε
1921 1502 1976 1530 τις
2011 1487 2188 1526 ἐπελθών
2225 1488 2289 1525 καὶ

181 1548 396 1599 ατειχίοτων
421 1564 504 1600 αμα
527 1543 645 1590 όντων
669 1543 780 1594 ἄλλος
805 1547 1062 1602 ἀφαιρήσεται
1087 1552 1195 1601 atque
1222 1552 1477 1591 consimillime
1504 1550 1607 1598 VIII,
1628 1552 1689 1598 96,
1711 1551 1745 1598 2,
1765 1551 1897 1600 quibus
1923 1550 2014 1590 locis
2050 1549 2287 1590 indicativum

185 1613 362 1679 orationis
400 1614 520 1650 rectae
556 1613 595 1648 in
633 1612 797 1649 oratione
833 1612 982 1660 obliqua
1017 1613 1162 1650 retineri
1199 1614 1326 1662 liquet.
1380 1614 1457 1651 Aut
1492 1613 1556 1658 VI,
1576 1613 1636 1657 49,
1658 1613 1693 1658 2,
1732 1613 1797 1649 ubi
1832 1612 1987 1685 legitur:
2026 1610 2212 1659 Λαμαχος
2245 1612 2290 1648 δὲ

181 1666 353 1722 ‹immm-
376 1674 450 1722 ἔφη
476 1670 611 1723 χρῆναι
635 1671 742 1709 πλεῖν
766 1672 833 1709 ἐπὶ
857 1671 1101 1721 Συρακούσας
1126 1674 1189 1710 καὶ
1213 1687 1310 1723 προς
1334 1672 1382 1723 τῇ
1406 1671 1512 1711 πόλει
1545 1670 1594 1715 ὥς
1626 1672 1788 1720 ταχιστα
1819 1671 1889 1723 τήν
1920 1672 2047 1722 μάχην
2081 1673 2288 1716 ποιεῖσθαι,

183 1733 250 1775 ἕως
282 1734 337 1770 ἔτι
369 1729 634 1782 ἀπαράσκευοί
671 1735 717 1768 τό
737 1730 809 1769 εἶσι
833 1732 896 1768 καὶ
927 1731 1092 1780 μάλιστα
1125 1733 1426 1783 ἐκπεπληγμένοι,
1462 1733 1668 1782 optativum
1703 1733 1862 1771 alienum
1897 1744 1974 1772 esse
2009 1744 2031 1771 a
2067 1732 2182 1770 totius
2215 1730 2288 1769 loci

179 1795 312 1833 natura
329 1804 435 1832 nemo
451 1793 559 1832 dicet.
587 1793 728 1840 Quibus
746 1792 856 1831 adde:
883 1793 953 1837 III,
981 1794 1040 1839 70,
1070 1795 1103 1831 6.
1132 1795 1195 1840 VI,
1215 1795 1276 1840 49,
1298 1795 1485 1832 2iterum.
1514 1795 1598 1841 VII,
1617 1796 1678 1841 47,
1701 1796 1735 1833 3.
1764 1796 1869 1836 V111,
1889 1796 1951 1841 40,
1972 1796 2007 1832 3.
2038 1795 2097 1840 78,
2124 1795 2157 1831 1.
2185 1792 2287 1830 alibi.

307 1854 517 1894 Infinitivus
552 1855 677 1893 autem
712 1854 751 1893 ιιι
785 1854 948 1893 oratione
974 1854 1123 1903 obliqua
1149 1855 1302 1904 legitur:
1339 1856 1389 1903 II,
1414 1857 1496 1903 102,
1517 1857 1553 1895 4.
1581 1856 1724 1905 λέγεται
1748 1856 1791 1893 δὲ
1816 1856 1879 1893 καὶ
1905 1852 2122 1904 Αλκμαίωνι,
2148 1848 2210 1891 ὅτε
2234 1849 2285 1902 δη

179 1914 355 1955 ἀλᾶσθαι
378 1913 494 1953 αυτὸν
517 1929 614 1963 μετα
638 1914 705 1953 τόν
731 1914 847 1964 φόνον
871 1914 939 1966 τῆς
962 1915 1114 1965 μητρός,
1139 1915 1204 1953 τόν
1230 1914 1388 1956 Ἀπόλλω
1421 1916 1563 1967 ταύτην
1588 1916 1658 1967 τήν
1682 1915 1749 1966 γῆν
1783 1915 1922 1966 χρῆσαι
1954 1915 2063 1953 οἶκεῒν
2089 1917 2126 1953 οι
2152 1915 2201 1961 II,
2223 1915 2285 1960 93,

180 1979 217 2025 3,
243 1977 309 2016 ubi
335 1977 577 2016 enuntiatum
593 1978 650 2015 est
677 1976 823 2016 causale
849 1987 912 2024 per
938 1977 1026 2013 ἐπεί
1049 1977 1308 2016 introductum.

307 2050 498 2088 Postremo
524 2048 604 2088 loco
630 2048 702 2087 duo
737 2048 829 2087 mihi
856 2048 1006 2086 laudare
1041 2048 1150 2087 liceat
1184 2050 1365 2098 exempla,
1401 2051 1533 2100 quibus
1568 2050 1625 2089 vel
1659 2050 1930 2089 evidentissime
1962 2049 2167 2098 optativum
2202 2058 2287 2086 con-

180 2111 334 2150 iunctivi
361 2121 440 2149 esse
466 2110 644 2149 vicarium
670 2110 949 2149 demonstretur.

302 2181 333 2228 Ι,
354 2182 416 2227 91,
437 2182 460 2218 3
504 2180 601 2218 enim
627 2181 682 2218 ita
708 2180 885 2229 legimus:
922 2181 1108 2229 ἐφοβεῖτο,
1145 2181 1199 2232 μή
1233 2182 1269 2218 οἱ
1300 2181 1588 2231 Λακεδαιμόνιοι
1618 2180 1739 2232 σφᾶς,
1773 2180 1890 2220 ὁπότε
1922 2179 2053 2230 σαφῶς
2078 2178 2285 2225 ἀκούσειαν,

181 2240 303 2279 οὐκέτι
327 2239 487 2290 ἀφῶσιν,
523 2253 594 2290 quo
630 2242 709 2279 loeo
744 2254 857 2290 neque
891 2242 936 2279 de
970 2243 1133 2289 optativo
1169 2244 1323 2291 cogitari
1357 2246 1478 2291 potest
1512 2245 1682 2282 iterativo
1717 2246 1753 2281 et
1780 2256 1821 2281 ex
1848 2244 2028 2289 enuntiati
2056 2243 2286 2290 dependentis

183 2305 315 2340 natura
341 2302 530 2340 modorum
557 2302 862 2341 assimilationem
888 2304 1150 2351 exspectamus,
1177 2304 1213 2342 h.
1233 2316 1262 2342 e.
1292 2306 1562 2343 coniunctivum
1580 2306 1776 2354 genuinum
1803 2304 2019 2343 servandum
2045 2304 2156 2342 fuisse
2181 2314 2285 2342 nemo

182 2375 252 2401 non
278 2363 389 2401 videt.
444 2363 542 2401 Nam
568 2365 619 2401 ut
639 2374 681 2401 ex
708 2374 845 2412 magna
870 2363 1047 2401 eiusmodi
1074 2365 1317 2413 exemplorum
1345 2367 1445 2412 serie,
1481 2377 1590 2415 quam
1626 2366 1693 2403 sub
1728 2366 1955 2404 coniunctivo
1958 2364 2134 2435 “digesta
2160 2365 2284 2411 attuli,

181 2436 292 2464 unum
308 2424 455 2464 hadom
475 2425 578 2473 VIII,
600 2426 661 2473 90,
683 2426 725 2464 3:
753 2413 802 2477 ἧν
827 2426 871 2463 δὲ
895 2423 962 2462 τοῦ
987 2427 1127 2472 τείχους
1149 2440 1172 2477 η
1198 2440 1335 2477 γνωμῃ,
1361 2441 1423 2465 ινα
1448 2440 1534 2470 τους
1560 2427 1757 2476 πολεμίους
1780 2425 1933 2476 μᾶλλον,
1958 2440 2050 2464 οταν
2072 2424 2285 2475 βούλωνται,

180 2487 245 2522 καὶ
267 2487 380 2523 ναυσὶ
412 2487 476 2523 καὶ
501 2485 607 2535 πεζῷ
638 2487 838 2532 δέξωνται,
876 2486 1009 2534 prioris
1046 2486 1146 2525 illius
1182 2488 1334 2535 exempli
1367 2498 1472 2536 quem
1507 2488 1663 2536 legimus
1697 2488 1900 2536 optativum
1936 2487 2044 2525 huius
2077 2487 2286 2535 posterioris

182 2546 409 2586 coniunctivo
437 2547 554 2586 evinci
581 2547 762 2586 vicarium
792 2547 830 2586 ιιι
857 2548 983 2596 aperto
1010 2549 1078 2585 est.

305 2618 434 2656 Altera
460 2630 502 2657 ex
536 2621 641 2667 parte
673 2631 756 2657 cum
783 2620 848 2665 IV,
872 2620 956 2665 111,
980 2620 999 2657 1
1029 2619 1205 2668 legimus:
1234 2618 1254 2657 ὁ
1280 2621 1323 2657 δὲ
1348 2621 1545 2670 Βρασίδας
1572 2648 1580 2656 .
1599 2647 1607 2655 .
1627 2648 1635 2656 .
1661 2619 1795 2658 ἑκατόν
1821 2619 2037 2661 πελταστάς
2054 2623 2286 2669 προπέμπει,

176 2673 295 2725 ὅπως,
317 2675 436 2717 ὁπότε
460 2678 579 2717 πύλαι
601 2683 698 2722 τινὲς
722 2677 932 2727 ἀνοιχθεῖεν
957 2681 1020 2717 καὶ
1052 2680 1096 2717 τό
1115 2683 1273 2728 σημεῖον
1305 2678 1456 2729 ἅρθείη,
1493 2679 1635 2728 πρῶτοι
1666 2680 1901 2729 ἐσδράμοιεν,
1936 2681 2088 2719 dubium
2121 2691 2191 2718 non
2216 2681 2283 2725 est,

179 2739 270 2788 quin
296 2739 484 2787 optativus
510 2750 554 2778 ne
579 2740 640 2778 hic
666 2739 813 2789 quidem
851 2740 1044 2778 iterativus
1082 2740 1272 2779 modorum
1307 2740 1526 2779 attractione
1559 2741 1700 2789 positus
1726 2741 1788 2779 sit.
1839 2740 1962 2789 Atque
1992 2741 2032 2779 id
2065 2751 2106 2779 eo
2140 2740 2285 2778 facilius

179 2801 259 2840 fieri
284 2800 419 2850 potuit,
446 2801 543 2849 quod
569 2802 665 2841 actio
692 2802 906 2841 secundaria
933 2803 980 2840 ad
1007 2804 1152 2852 tempus
1178 2802 1416 2852 praeteritum
1445 2803 1568 2843 ,relata
1602 2803 1682 2851 ipsa
1715 2814 1856 2852 quoque
1888 2803 2077 2851 praeteriti
2111 2802 2285 2850 temporis

182 2862 368 2901 notionem
395 2861 578 2910 quandam
605 2864 824 2911 susceperat.
