2485 3102
1130 135 1384 172 -21-

1122 250 1169 283 Β.
1196 244 1388 293 optativus.

335 326 529 375 Optativus
556 327 688 376 ubique
714 328 770 366 est
796 328 840 374 is,
868 339 938 376 quo
964 338 1021 365 res
1049 328 1235 365 coniuncte
1261 327 1359 365 elata
1377 327 1594 375 cogitatione
1621 328 1779 376 fingitur.
1827 328 1879 366 Ac
1908 328 1964 365 vel
1982 328 2112 366 leviter
2139 327 2298 365 intuenti

211 387 248 425 in
276 388 400 436 aperto
426 389 492 434 est,
520 388 615 425 hunc
641 385 845 436 optativum
871 388 908 426 in
934 389 1054 426 locum
1081 388 1296 426 successisse
1322 389 1551 434 coniunctivi‚
1580 400 1686 436 quem
1713 390 1768 426 vel
1795 391 1875 436 post
1903 391 2065 437 tempora
2084 389 2297 427 secundaria

215 461 237 488 a
263 448 471 499 Thucydide
497 449 706 498 plerumque
732 450 867 488 servari
894 460 1003 498 supra
1029 449 1104 487 iam
1134 449 1303 496 vidimus,
1331 451 1395 488 ubi
1421 451 1581 497 tempora
1608 451 1672 488 illa
1690 462 1759 488 non
1787 452 1863 489 tam
1890 451 1985 488 nuda
2004 452 2147 488 exstant
2174 462 2297 499 quam,

215 511 254 547 id
279 511 373 558 quod
399 511 607 558 plerumque
641 511 679 547 in
706 511 867 548 oratione
894 511 1041 558 obliqua
1075 512 1226 557 accidit,
1263 513 1327 549 aut
1361 512 1550 549 infinitivis
1578 514 1640 550 aut
1668 514 1904 551 coniunctivis
1940 514 2003 550 aut
2030 513 2205 560 optativis
2233 514 2298 550 aut

219 570 369 620 denique
395 570 596 620 participiis
623 570 820 616 instructa,
856 571 910 608 ita
937 571 979 608 ut
1005 582 1076 608 non
1110 573 1189 608 tam
1216 572 1262 621 ab
1290 572 1365 609 illis
1392 583 1501 620 quam
1528 573 1572 609 ab
1598 573 1654 610 his
1681 574 1909 621 dependeant.
1963 573 2080 618 Nam,
2116 575 2159 609 ut
2186 584 2298 609 unum

216 632 361 671 laudem
387 632 607 680 exemplum,
643 633 713 678 ΙΙΙ,
746 634 828 678 102,
861 634 901 670 7:
938 634 1000 669 καὶ
1024 630 1045 668 ὁ
1069 635 1137 680 μὲν
1163 630 1373 681 Εὐρύλοχος
1398 636 1567 675 πεισθεὶς
1599 636 1660 671 καὶ
1683 633 1767 676 τούς
1793 633 1971 675 Αἰτωλούς
1996 630 2106 681 α’φεὶς
2131 630 2300 683 ἡσύχαζε

215 690 271 741 τῷ
296 691 445 741 στρατῷ
468 694 555 742 περὶ
587 692 671 735 τούς
705 692 845 741 χώρους
876 691 1058 740 τούτους,Ι
1080 693 1147 735 ἕως
1179 695 1255 735 τοῖς
1280 690 1563 741 Ἀμπρακιώταις
1589 696 1663 732 δέοι
1686 697 1836 744 βοηθεῖν
1870 696 1901 733 si
1929 705 2180 743 comparamus
2216 705 2299 732 cum

216 753 274 799 iis,
302 763 393 801 quae
409 753 492 799 VII,
516 754 574 799 16,
596 755 616 791 1
644 753 833 801 leguntur:
871 752 907 789 οἱ
934 749 1118 801 Ἀθηναῖοι
1149 750 1263 801 αὐτῷ,
1298 753 1364 793 ἕως
1388 746 1436 789 α”ν
1461 753 1574 801 ἕτεροι
1599 754 1835 802 ξυνάρχοντες
1852 755 2062 803 αἱρεθέντες
2080 753 2299 802 ἀφίκωνται,

216 812 289 852 τῶν
312 810 430 852 αὐτοῦ
454 813 558 863 (sicl)
584 813 653 852 δύο
679 814 936 864 προσείλοντο,
965 825 1068 853 nemo
1093 826 1163 853 non
1191 813 1303 860 videt,
1332 813 1390 852 hic
1417 814 1682 853 coniunctivum
1708 815 1764 853 vel
1790 816 1870 864 post
1898 817 2060 865 tempora
2086 814 2299 854 secundaria

219 886 294 913 esse
321 878 522 922 servatum,
552 876 628 913 illic
655 875 815 913 eiusdem
842 876 879 913 in
905 876 1025 914 locum
1051 877 1295 914 substitutum
1323 887 1399 914 esse
1426 877 1639 924 optativum.
1683 877 1736 914 Ac
1764 879 1932 926 quidnam
1960 878 2178 915 discriminis
2206 878 2301 914 inter

219 939 414 986 utrumque
440 938 578 976 dicendi
604 949 716 986 genus
743 938 960 985 intercedat,
989 939 1096 977 facile
1123 939 1177 977 est
1206 939 1362 987 cognitu.
1417 939 1489 977 Ubi
1517 939 1610 976 enim
1637 940 1880 978 coniunctivus
1907 941 1988 988 post
2014 941 2177 988 tempora
2204 949 2300 976 mere

220 999 430 1040 secundaria
456 1000 648 1046 invenitur,
676 1010 717 1038 eo
744 1000 846 1037 salva
872 1001 1028 1038 notionis
1054 1001 1249 1049 primariae
1274 1001 1486 1048 integritate
1512 1002 1735 1038 enuntiatum
1762 1001 2009 1038 secundarium
2036 1000 2298 1049 quodammodo

220 1064 386 1104 absolute
419 1062 559 1101 dictum
593 1062 763 1112 fingitur3
801 1063 864 1101 ubi
900 1074 982 1101 vero
1017 1064 1203 1112 optativus
1229 1063 1391 1112 ponitur,
1429 1063 1524 1101 actio
1560 1064 1764 1102 secundaria
1798 1063 1844 1101 ad
1877 1063 2053 1101 actionem
2087 1062 2299 1111 primariam

222 1126 404 1166 artissime
437 1125 554 1163 relata
588 1124 775 1162 denotatur
810 1126 918 1173 atque
951 1126 1201 1172 accomodata,
1238 1127 1291 1163 ita
1318 1128 1359 1162 ut
1395 1126 1619 1162 coniunctivo
1654 1126 1810 1163 condicio
1837 1137 2000 1173 praesens
2028 1126 2083 1161 vel
2111 1126 2236 1161 futura
2262 1126 2298 1161 et

222 1188 385 1236 optativo
411 1188 607 1235 praeterita
634 1188 754 1225 animo
781 1187 952 1235 fingatur.
1007 1188 1131 1236 Neque
1158 1188 1269 1233 enim,
1306 1188 1343 1225 id
1369 1188 1463 1235 quod
1489 1187 1601 1225 multi
1623 1187 1691 1224 viri
1718 1187 1811 1225 docti
1838 1187 1994 1231 faciunt,
2030 1186 2298 1225 coniunctivum

220 1250 302 1298 post
329 1250 491 1297 tempora
517 1258 614 1286 mere
641 1247 851 1285 secundaria
877 1249 1022 1296 propter
1049 1249 1224 1286 orationis
1242 1249 1423 1297 quandam
1451 1249 1675 1286 alacritatem
1703 1259 1744 1285 ac
1770 1249 1927 1296 vigorem
1953 1249 2112 1296 positum
2139 1259 2216 1285 esse
2234 1257 2299 1293 ego

221 1311 365 1358 quidem
390 1310 574 1354 existim03
602 1321 687 1347 nam
715 1310 756 1355 si,
784 1310 822 1346 id
848 1311 942 1357 quod
968 1310 1066 1348 haud
1092 1312 1146 1347 ita
1172 1322 1255 1348 raro
1282 1311 1335 1356 fit,
1364 1311 1402 1347 in
1428 1322 1499 1348 uno
1526 1311 1714 1357 eodemque
1747 1311 1924 1347 enuntiati
1956 1311 2116 1347 membro
2151 1311 2300 1356 uterque

222 1372 350 1412 modus
376 1371 576 1420 promiscue
602 1371 784 1409 invenitur
811 1372 1038 1420 assumptus,
1073 1383 1141 1421 quo
1169 1372 1348 1421 quispiam
1375 1372 1452 1409 iure
1478 1372 1606 1409 dixerit
1634 1371 1855 1409 coniunctivo
1882 1371 2091 1408 vividiorem
2118 1370 2299 1418 quandam

222 1434 362 1473 dicendi
388 1434 565 1472 rationem
591 1433 773 1479 denotari,
810 1434 973 1482 optativo
999 1434 1157 1472 eiusdem
1185 1434 1358 1473 orationis
1385 1435 1650 1472 volubilitatem
1676 1435 1804 1472 iterum
1831 1434 1996 1482 neglegi?
2049 1434 2175 1479 Immo,
2204 1432 2300 1469 eius-

222 1496 320 1533 modi
347 1495 486 1532 dicendi
519 1506 646 1542 genere
673 1497 771 1532 certa
799 1496 1027 1533 continentur
1054 1497 1227 1543 vestigia,
1263 1497 1394 1544 quibus
1420 1497 1702 1534 luculentissime
1736 1496 1998 1533 demonstratur
2032 1495 2126 1541 apud
2154 1494 2299 1541 Thucy-

224 1558 343 1597 didem
371 1568 451 1596 eam
477 1568 659 1603 normam,
687 1568 758 1606 qua
784 1558 865 1607 post
892 1558 1054 1607 tempora
1081 1558 1292 1597 secundaria
1319 1559 1503 1607 optativus
1531 1558 1733 1607 postulatur
1760 1556 1974 1596 coniunctivi
2001 1555 2175 1600 vicarius,
2213 1565 2301 1591 non-

224 1621 310 1657 dum
337 1620 532 1667 perfectam
552 1621 660 1667 atque
688 1621 925 1657 constitutam
952 1631 1038 1665 esse,
1068 1621 1130 1657 sed
1157 1622 1252 1667 apud
1269 1622 1481 1668 posteriores
1508 1622 1649 1657 demum
1677 1621 1863 1667 scriptores
1890 1631 1970 1656 eum
1998 1619 2183 1655 modorum
2210 1617 2301 1654 elec-

222 1683 302 1720 tum
329 1681 417 1727 fieri,
446 1681 488 1718 ut
515 1681 764 1735 coniunctivus
791 1683 872 1730 post
899 1682 1060 1730 tempora
1087 1682 1259 1730 primaria
1286 1684 1321 1720 et
1349 1682 1534 1731 optativus
1562 1684 1642 1730 post
1670 1683 1827 1729 tempora
1854 1680 2064 1718 secundaria
2090 1680 2126 1716 et
2154 1680 2303 1726 uterque

224 1743 425 1792 promiscue
452 1743 488 1779 in
515 1743 676 1781 oratione
703 1743 848 1792 obliqua
875 1745 1065 1792 ponantur.

348 1805 417 1843 Sed
435 1805 522 1842 haec
540 1805 684 1853 quidem
702 1806 770 1843 hac
788 1807 912 1850 tenus;
939 1818 1033 1844 nunc
1051 1807 1125 1844 iam
1144 1807 1189 1844 ad
1207 1807 1447 1853 exemplorum
1466 1807 1640 1844 rationem
1659 1807 1771 1853 ipsam
1787 1806 2009 1842 transeamus
2023 1802 2302 1842 describendam.

226 1938 462 1976 antecedunt:
1206 1906 1233 1944 L
1262 1907 1327 1949 {mg

350 1999 533 2047 imperf
540 2001 661 2038 ecta..
707 2000 749 2045 V,
771 2000 830 2045 35,
852 2000 887 2037 4.
940 1999 990 2037 τά
1013 2014 1054 2037 τε
1077 1994 1173 2037 ἄλλα
1198 2003 1307 2049 χυρία
1331 1995 1439 2047 εἶχον,
1464 2005 1630 2047 μένοντες
1649 2000 1713 2041 ἕως
1732 2003 1838 2048 σφίσι
1864 1997 2017 2035 κάκεῖνοι
2038 1996 2232 2048 ποιήσειαν
2255 1995 2303 2032 τοὶ

224 2059 418 2111 εἰρημέναι
445 2060 555 2099 donec
581 2061 637 2099 illi
664 2070 802 2110 quoque
829 2061 1012 2099 executuri
1039 2062 1156 2099 essent
1183 2073 1274 2110 quae
1301 2062 1556 2099 convenissent.
1611 2063 1677 2107 111,
1712 2062 1791 2105 127,
1813 2062 1847 2097 2.

351 2123 398 2160 in
436 2124 670 2161 oratione
697 2124 914 2172 obliqua.
957 2124 1025 2170 111,
1054 2125 1113 2170 95,
1146 2125 1178 2170 1,

227 2185 358 2234 quibus
383 2185 472 2223 locis
500 2186 665 2223 omnibus
693 2186 897 2233 optativum
924 2197 993 2234 quo
1021 2186 1098 2223 iure
1123 2186 1161 2223 in
1187 2186 1406 2224 conjunctivi
1440 2198 1543 2234 quem
1571 2187 1699 2224 vocant
1725 2184 1995 2233 exspectationis
2022 2183 2140 2220 locum
2168 2193 2305 2220 succes-

228 2246 317 2283 sisse
335 2246 511 2284 vicarium
530 2247 709 2294 putemus,
738 2258 778 2284 ex
798 2247 843 2284 iis
862 2247 1044 2295 exemplis,
1074 2258 1164 2295 quae
1182 2249 1248 2285 sub
1268 2249 1493 2286 coniunctivo
1514 2248 1714 2292 attulimus,
1743 2245 2005 2284 evidentissime
2024 2245 2304 2281 demonstratur.

929 2347 964 2386 2.
999 2348 1037 2390 ἐς
1062 2343 1162 2395 ὅσον,
1189 2343 1278 2387 ὅσον
1307 2347 1449 2398 χρόνον,
1476 2347 1602 2391 ὁσάκις

230 2430 381 2468 quorum
418 2419 685 2458 enuntiatorum
720 2431 940 2469 quamquam
973 2420 1144 2458 nonnulla
1178 2420 1438 2468 quodammodo
1476 2422 1512 2458 in
1547 2431 1690 2458 numero
1723 2420 1954 2457 relativorum
1991 2418 2115 2455 haberi
2153 2418 2306 2466 oportet,

230 2483 352 2519 tamen
386 2482 445 2519 hic
480 2482 609 2520 melius
645 2483 845 2521 enumerari
873 2482 1050 2520 videntur.
1104 2482 1269 2530 Optativi
1305 2484 1390 2521 sunt
1417 2484 1477 2531 qui
1506 2484 1677 2520 vocantur
1712 2481 1871 2519 iterativi
1907 2481 1943 2518 et
1978 2481 2139 2527 tempora
2174 2479 2308 2527 ubique

230 2543 449 2591 antecedunt
476 2544 697 2591 imperfecta.

352 2605 434 2650 VII,
466 2605 524 2651 75,
552 2606 587 2642 4.
633 2605 670 2645 ἐς
695 2602 859 2654 ἀπορίαν
892 2607 1134 2643 καθίστασαν
1149 2634 1156 2642 .
1171 2635 1179 2642 .
1194 2634 1203 2642 .
1218 2635 1225 2642 .
1252 2606 1565 2647 ἕπακολουθέντες
1598 2605 1634 2646 ἐς
1667 2600 1754 2641 ὅσον
1788 2602 1957 2642 δύναιντο
1993 2603 2060 2651 (sio
2096 2603 2189 2640 enim
2227 2614 2308 2640 cum

229 2665 407 2704 Vaticano
434 2676 497 2714 pro
525 2666 682 2714 simplici
708 2660 797 2703 ὅσον
822 2666 1087 2704 rescribendum
1114 2678 1191 2705 esse
1217 2665 1384 2715 videtur).
1438 2668 1484 2713 II,
1507 2667 1566 2710 49,
1588 2668 1621 2702 6.
1675 2666 1757 2711 VII,
1779 2666 1837 2710 70,
1860 2666 1893 2701 5.
1943 2666 2000 2709 18,
2021 2666 2056 2701 3.

1138 2762 1173 2800 3.
1199 2758 1271 2809 ὅτε,
1296 2760 1410 2800 ὁπότε

231 2832 386 2881 optativi
413 2832 546 2880 ubique
582 2833 667 2870 sunt
693 2833 873 2880 iterativi,
911 2845 1063 2882 quorum
1097 2835 1277 2872 notionem
1312 2835 1464 2881 exceptis
1504 2834 1571 2879 III,
1593 2835 1651 2878 97,
1673 2835 1695 2869 3
1723 2834 1758 2870 et
1786 2833 1867 2877 VII,
1891 2833 1949 2877 70,
1971 2834 1993 2869 3
2038 2833 2178 2879 proprie
2205 2832 2311 2869 deno-

229 2894 348 2933 tatam
376 2893 497 2932 induci
524 2895 704 2942 particula
730 2892 847 2934 ὁπότε
873 2896 1053 2935 monuisse
1080 2896 1138 2935 hic
1165 2897 1255 2935 satis
1283 2897 1348 2935 est.
1402 2896 1445 2934 cf.
1475 2907 1564 2944 quae
1591 2906 1698 2944 supra
1723 2895 1790 2933 sub
1818 2894 2045 2933 coniunctivo
2074 2894 2254 2933 annotavi.
