2485 3102
1127 113 1188 149 3-
1241 95 1392 134 26-

336 202 423 253 VII,
453 204 513 254 77,
532 207 555 245 5
582 208 708 247 autem
733 206 804 247 huc
829 207 1051 247 referendum
1077 219 1149 247 non
1175 209 1242 255 est,
1269 207 1365 257 quod
1378 207 1578 247 Vaticanus
1595 208 1627 247 B
1651 201 1701 246 ἄν
1727 207 1881 256 exhibet,
1909 207 2033 258 utqui
2049 208 2088 247 in
2105 207 2302 258 posteriore

209 265 434 316 Thucydidei
468 268 584 317 operis
618 271 722 318 parte
755 268 826 307 fide
861 270 970 318 atque
1004 269 1223 307 auctoritate
1256 269 1393 307 ceteros
1425 278 1547 307 omnes
1573 269 1679 307 valde
1702 271 1858 319 superet.
2142 263 2145 268 ’

331 339 375 376 111
408 341 606 378 enuntiatis
640 351 723 378 vero
759 340 1017 387 temporalibus
1052 341 1139 377 haec
1173 341 1229 377 est
1254 339 1476 387 Thucydidis
1501 341 1681 378 scribendi
1706 342 1814 387 ratio,
1850 344 1894 380 ut
1919 333 2015 380 circa
2041 342 2221 389 septagies
2247 342 2295 380 ad

205 397 477 440 coniunctivum
493 400 712 450 particulam
728 392 777 440 ἄν
793 399 915 445 addat,
934 399 1051 440 decies
1068 411 1148 439 eam
1165 399 1326 439 omittat.
1367 399 1413 439 cf.
1441 399 1470 447 I,
1504 400 1586 448 137,
1608 400 1643 441 2.
1681 400 1751 450 ΙΠ,
1782 402 1843 450 28,
1864 402 1899 442 2.
1938 402 2004 446 IV,
2031 402 2093 448 41,
2116 402 2148 452 1,
2180 401 2239 451 16,
2259 401 2295 442 2.

207 460 272 506 VI,
304 463 363 507 10,
383 462 418 499 5.
460 463 520 507 29,
541 463 577 498 2.
617 463 678 507 38,
698 463 734 498 2.
776 462 858 507 VH,
888 463 948 507 63,
973 464 1003 499 1.
1045 462 1149 507 VIII,
1169 463 1204 507 9,
1228 462 1297 505 113.
1338 462 1383 498 cf.
1412 472 1503 509 quae
1536 463 1605 499 sub
1631 463 1831 501 enuntiatis
1861 465 2026 501 relativis
2054 466 2091 501 et
2117 466 2299 512 tempora-

209 520 307 561 libus
333 522 402 562 hac
429 522 472 562 de
498 533 536 562 re
561 522 758 571 disputavi.

332 593 431 640 Quae
464 593 496 630 si
530 593 644 631 denuo
681 594 869 632 nobiscum
915 594 1183 643 reputabimus,
1229 595 1287 632 cui
1325 595 1490 632 nostrum
1527 594 1678 632 dubium
1716 595 1806 641 erit,
1845 596 1934 644 quin
1970 597 2176 635 huiusmodi
2212 596 2299 634 nudi

204 655 423 693 coniunctivi
460 655 681 705 Thucydidis
718 656 897 695 scribendi
933 657 1086 696 rationis
1121 657 1257 706 proprii
1293 659 1329 696 et
1366 658 1394 695 ii
1430 657 1499 695 viri
1536 657 1633 695 docti
1670 667 1789 706 errare
1825 658 1978 706 putandi
2014 659 2111 705 sint,
2148 659 2212 709 qui
2249 658 2296 697 ad

201 716 437 755 vetustiorem
464 716 686 767 Thucydidis
719 717 914 758 dictionem
941 729 1002 758 eas
1026 729 1169 758 severas
1187 718 1331 769 regulas
1349 718 1581 766 transferant,
1609 729 1700 768 quas
1718 729 1758 757 ex
1777 719 1973 759 recentiore
1990 719 2135 760 demum
2153 720 2294 760 dicendi

202 789 272 815 usu
297 778 506 827 desumptas
533 790 610 817 esse
636 781 901 829 cognovimus?
2146 802 2149 805 ·

325 1037 375 1083 Π,
405 1037 466 1085 cs,
486 1039 522 1077 3.
1217 989 1282 1037 Π·

323 1108 405 1147 Hoc
438 1109 477 1147 in
512 1110 702 1149 verborum
737 1111 904 1149 contextu
938 1110 1031 1149 illud
1064 1107 1293 1160 Ἀμφιλοχίαν
1324 1108 1394 1161 τήν
1425 1103 1541 1161 ἄλλην
1576 1109 1864 1148 additamentum
1887 1120 1939 1148 <ex
1974 1109 2031 1157 iis,
2064 1120 2156 1159 quae
2181 1110 2289 1159 paulo

200 1181 309 1219 supra
336 1171 529 1220 leguntur:
556 1171 811 1222 ἐστράτευσαν
836 1173 897 1210 ἐπ’
916 1167 1038 1222 ’Ἁργος
1061 1171 1105 1209 τό
1131 1169 1375 1221 Ἀμφιλοχικὸν
1393 1171 1456 1209 καὶ
1472 1169 1542 1222 τήν
1560 1165 1675 1220 ἄλλην
1692 1167 1932 1220 Ἀμφιλοχίαν
1948 1171 2045 1210 male
2062 1171 2292 1221 desumptum

200 1243 277 1271 esse
310 1232 474 1279 videtur3
512 1245 626 1284 neque
659 1234 754 1273 enim
788 1234 1051 1283 Amphilochus
1078 1234 1114 1272 et
1140 1233 1267 1277 urbem
1302 1235 1339 1272 et
1372 1233 1549 1283 reliquam
1585 1233 1720 1272 terram
1755 1231 1924 1282 ‚,Arg0s“
1959 1232 2220 1281 nominaverat,
2256 1233 2293 1272 id

199 1295 295 1344 quod
329 1295 449 1334 verbis
482 1293 678 1345 ὁμώνυμον
708 1294 756 1346 τῇ
789 1294 924 1334 ἑαυτοῦ
956 1296 1112 1345 πατρίδι
1135 1288 1257 1346 ’Ἁργος
1289 1293 1479 1344 ὀνομάσας
1514 1294 1759 1344 significatur,
1797 1294 1859 1333 sed
1893 1294 1960 1332 soli
1998 1295 2080 1333 urbi
2116 1306 2243 1333 nomen
2270 1307 2292 1334 a

199 1357 333 1405 patria,
367 1364 460 1407 quae
493 1359 573 1397 erat
607 1358 736 1408 Argos,
771 1358 920 1397 ductum
955 1357 1084 1396 indidit
1111 1359 1148 1396 et
1175 1357 1336 1397 homines
1369 1358 1461 1396 hanc
1488 1358 1614 1396 urbem
1641 1368 1663 1395 a
1689 1356 1833 1394 nomine
1859 1356 2054 1395 conditoris
2082 1357 2292 1407 cognomine

198 1419 498 1467 Amphilochicae
515 1420 743 1466 ornaverunt,
763 1431 807 1458 ne
826 1431 907 1457 cum
922 1420 1009 1457 urbe
1026 1420 1093 1457 illa
1107 1420 1409 1467 Peloponnesiaca
1423 1419 1710 1465 confunderetur,
1731 1420 1767 1456 et
1780 1419 1916 1456 terram
1929 1419 2047 1467 ipsam
2066 1416 2293 1467 Ἀμφιλοχίας

197 1480 342 1518 nominc
368 1481 646 1529 usurpaverunt.
699 1481 890 1519 Praeterea
916 1493 957 1518 ex
984 1481 1041 1527 iis,
1069 1492 1160 1529 quae
1187 1481 1371 1519 artissimo
1399 1492 1489 1518 nexu
1516 1481 1688 1519 adiuncta
1715 1481 1933 1528 sequuntur:
1972 1480 2035 1516 καὶ
2061 1469 2111 1529 ἢν
2136 1475 2161 1528 ἦ
2186 1477 2293 1520 πόλις

197 1535 294 1589 αὕτη
319 1543 472 1590 μεγίστη
497 1539 565 1592 τῆς
597 1538 823 1590 Ἀμφιλοχίας
848 1542 911 1579 καὶ
935 1540 1021 1583 τούς
1046 1540 1327 1583 δυνατωτάτους
1351 1537 1446 1588 εἶχεν
1471 1539 1677 1591 οἰκήτορας,
1705 1541 1796 1579 satis
1821 1539 1976 1579 dilucide
1994 1540 2155 1588 apparet,
2184 1540 2292 1577 antea

198 1601 448 1652 Thucydidem
473 1602 580 1642 modo
606 1603 650 1642 de
675 1602 764 1642 urbe
790 1602 870 1652 ipsa
896 1602 1058 1642 locutum
1086 1614 1172 1642 esse.

322 1674 381 1712 Sic
416 1676 594 1712 statuenti
628 1676 718 1712 mihi
752 1676 861 1712 verba
894 1675 957 1710 καὶ
991 1673 1218 1722 Ἀμφιλοχίαν
1250 1674 1319 1723 τήν
1351 1668 1467 1723 ἄλλην
1501 1675 1790 1712 additamentum
1831 1674 1988 1711 hominis
2028 1674 2147 1710 nescio
2186 1673 2288 1709 cuius

196 1747 326 1783 parum
353 1737 487 1775 attenti
513 1737 678 1774 habenda
705 1738 813 1785 atque
839 1736 918 1774 ideo
945 1735 1093 1773 delenda
1119 1747 1196 1773 esse
1222 1736 1400 1774 videntur.
1454 1736 1579 1784 Neque
1606 1736 1700 1774 enim
1737 1737 1791 1774 ita
1827 1747 1908 1774 raro
1942 1735 2118 1773 eiusmodi
2144 1734 2291 1772 notulae

196 1797 459 1845 geographicae
495 1798 551 1836 vel
586 1798 896 1846 ethnographicae,
933 1808 1034 1846 quae,
1070 1797 1188 1845 quoad
1222 1808 1292 1835 non
1328 1799 1453 1835 auctor
1487 1797 1565 1845 ipse
1598 1809 1659 1835 eas
1695 1797 1846 1844 addidit,
1882 1797 2142 1846 magistrorum
2169 1795 2289 1834 studio

197 1869 239 1895 ac
266 1858 458 1907 diligentia
493 1859 694 1906 explicandi
727 1870 837 1896 causa
871 1859 908 1895 in
942 1859 1105 1906 margine
1139 1859 1449 1906 appingebantur,
1487 1859 1688 1897 scribarum
1722 1859 1780 1896 vel
1814 1859 2046 1896 librariorum
2086 1857 2227 1894 incuria
2253 1858 2290 1893 in

197 1920 338 1957 textum
372 1920 494 1968 ipsum
528 1920 749 1968 irrepserunt
784 1921 821 1957 et
856 1920 958 1967 quasi
995 1919 1144 1957 civitate
1178 1919 1331 1957 donatae
1366 1922 1462 1958 sunt.
1516 1920 1626 1958 Cuius
1659 1921 1801 1969 generis
1838 1919 2058 1958 emblemata
2097 1919 2165 1956 viri
2192 1918 2290 1956 docti

195 1982 273 2019 iure
306 1982 381 2019 iam
415 1981 535 2020 multa
569 1983 682 2021 etiam
717 1981 812 2029 apud
846 1981 1091 2030 Thucydidem
1128 1982 1413 2030 proscripserunt
1446 1982 1507 2030 (cf.
1536 1983 1565 2029 I,
1598 1984 1655 2028 17,
1681 1985 1712 2020 1.
1762 1983 1822 2028 24,
1844 1984 1878 2020 3.
1932 1983 2016 2027 100,
2037 1983 2071 2019 3.
2118 1981 2167 2027 11,
2197 1982 2231 2027 9,
2251 1981 2288 2019 4.

197 2043 258 2089 96,
282 2043 314 2081 1.
360 2042 430 2090 ΙΠ,
459 2043 520 2089 51,
541 2044 565 2081 3
593 2041 678 2092 etc.)
706 2053 818 2094 neque
844 2053 909 2090 ego
935 2042 1002 2080 hoc
1030 2042 1186 2081 alterum
1213 2043 1342 2081 addere
1369 2043 1507 2082 dubito.

318 2311 383 2360 1v‚
411 2312 472 2359 41,
493 2312 528 2349 2.
1197 2260 1286 2308 HI·

317 2385 417 2431 Quae
453 2385 511 2422 hic
551 2384 659 2421 verba
696 2383 982 2430 interpositionis
1018 2384 1095 2420 loco
1133 2385 1179 2421 ab
1218 2385 1384 2422 omnibus
1421 2383 1619 2421 editoribus
1657 2382 1820 2420 adhiberi
1860 2382 2056 2430 putantur,
2098 2392 2169 2418 non
2207 2381 2285 2418 tam

195 2445 396 2495 Thucydidi
423 2456 532 2494 quam
559 2444 812 2492 interpolatori
840 2444 949 2482 alicui
977 2444 1211 2493 impertienda
1238 2456 1314 2483 esse
1341 2444 1519 2483 videntur.
1579 2443 1669 2481 Cum
1696 2444 1791 2481 enim
1811 2443 2049 2492 Thucydides,
2077 2442 2287 2491 priusquam

196 2509 242 2546 ad
268 2519 320 2555 ea,
356 2519 448 2557 quae
483 2507 579 2555 apud
606 2506 740 2555 Pylum
774 2507 947 2544 eventura
982 2508 1095 2553 erant,
1131 2507 1362 2546 describenda
1388 2506 1581 2551 accederet,
1618 2517 1695 2554 cap.
1724 2506 1782 2543 111
1808 2506 1978 2544 naturam
2004 2506 2041 2543 et
2070 2504 2289 2542 munitiones

195 2570 277 2619 Pyli
310 2570 380 2607 loci
415 2569 577 2617 depinxit
612 2568 749 2606 verbis:
791 2568 854 2605 καὶ
887 2564 1074 2616 ἀπέφαινε
1108 2567 1386 2618 (Δημοσθένης)
1420 2567 1563 2618 πολλήν
1595 2565 1775 2616 εὐπορίαν
1800 2565 1917 2610 ξύλων
1946 2579 1987 2603 τε
2012 2566 2074 2603 καὶ
2090 2565 2208 2604 λίθων
2225 2564 2289 2601 καὶ

195 2630 305 2680 φύσει
337 2629 514 2681 καρτερόν
547 2622 591 2668 ὃν
624 2628 683 2679 (τό
707 2628 854 2679 χωρίον)
889 2629 952 2666 καὶ
984 2627 1119 2679 ἐρῆμον
1143 2627 1237 2667 αὐτό
1267 2643 1307 2666 τε
1340 2630 1406 2667 ἐπὶ
1439 2627 1535 2666 πολι)
1568 2626 1636 2678 τῆς
1669 2626 1801 2678 χώρας.
1852 2624 1986 2675 ἀπέχει
2016 2625 2086 2675 γάρ
2111 2626 2286 2667 σταδίους

193 2692 357 2740 μάλιστα
381 2689 407 2743 ἦ
433 2691 555 2735 Πόλος
586 2690 662 2743 τῆς,
685 2690 867 2741 Σπάρτης
900 2693 1158 2741 τετρακοσίους
1182 2692 1245 2728 καὶ
1269 2692 1368 2729 ἔστιν
1393 2691 1434 2728 ἐν
1458 2688 1507 2740 τῇ
1531 2692 1732 2740 Μεσσηνίᾳ
1756 2691 1851 2727 ποτὲ
1876 2681 1970 2738 οἷὲσῃ
1995 2686 2056 2738 γῇ,
2093 2689 2129 2726 et
2154 2686 2237 2726 inde
2264 2698 2286 2726 a

194 2764 274 2802 cap.
300 2754 358 2792 111
383 2765 497 2804 usque
522 2754 570 2792 ad
595 2755 760 2792 nostrum
786 2754 906 2791 locum
934 2764 976 2791 ea
1010 2753 1211 2798 enarravit,
1255 2763 1347 2801 quae
1373 2752 1631 2789 Demosthenes
1659 2751 1754 2799 apud
1781 2751 1930 2788 eundem
1957 2750 2077 2787 locum
2103 2749 2285 2802 praeclare

193 2815 327 2863 egerat,
362 2828 476 2854 nonne
509 2818 643 2854 mirum
680 2818 748 2861 est,
784 2817 816 2852 si
853 2818 977 2853 nostro
1014 2815 1093 2852 loco
1130 2813 1304 2851 memoria
1329 2814 1412 2861 Pyli
1440 2814 1649 2860 saepissime
1674 2813 1825 2850 laudata
1862 2812 1955 2849 redit
1994 2811 2118 2848 eadem
2157 2810 2284 2849 notula

190 2878 452 2927 topographica
494 2889 566 2927 qua
608 2887 718 2926 supra
753 2877 921 2917 adiecta?
977 2876 1094 2915 Immo
1121 2887 1215 2922 vero,
1251 2876 1337 2914 haec
1374 2885 1444 2913 non
1479 2875 1564 2913 sunt
1600 2873 1822 2924 Thucydidis
1855 2872 1975 2918 verba,
2012 2870 2075 2910 sed
2100 2870 2282 2920 glossema
