2485 3102
1114 135 1343 172 —7—

186 233 230 280 ὃν
260 241 305 280 w*
336 241 431 281 αὐτό
461 248 651 293 πείθωμεν
674 245 738 282 καὶ
760 241 848 294 ἡμῖν
879 247 918 289 ἐς
949 244 1019 296 τήν
1043 245 1240 295 ξυμφοράν
1272 243 1411 293 κόσμον
1443 245 1606 291 μάλιστα
1638 247 1749 295 μέλλῃ
1771 246 1902 293 οἴσειν,
1937 246 2092 294 cogitari
2128 245 2272 293 quidem

186 305 308 350 potest
332 304 409 343 illis
434 308 624 353 πείθωμεν
651 306 707 345 vel
731 306 845 356 μέλλῃ
860 307 1099 359 coniunctivis
1126 307 1290 345 denotari
1316 306 1676 345 Lacedaemoniorum
1703 308 2021 356 exspectationem,
2057 307 2118 345 sed
2145 318 2273 345 caven-

187 363 273 403 dum
299 376 376 404 esse
402 365 555 413 videtur,
584 378 626 404 ne
652 367 843 415 participio
870 367 986 405 futuri
1012 366 1246 416 πράξωπας,
1274 366 1369 415 quod
1396 377 1503 404 sensu
1530 367 1628 404 finali
1656 369 1812 415 positum
1839 379 1915 406 esse
1941 368 2174 406 manifestum
2203 371 2270 412 est,

189 428 360 465 commoti
395 429 695 475 exspectationem
729 430 844 466 inesse
878 431 1105 473 statuamus,
1141 428 1205 465 ubi
1236 428 1463 466 eoniunctivo
1497 429 1575 476 ipso
1608 430 1699 467 nihil
1733 430 1873 467 videtur
1908 430 2071 468 denotari
2105 429 2176 468 nisi
2215 429 2271 466 in-

187 488 277 526 certi
303 486 452 537 ideoque
487 488 602 527 futuri
636 489 783 528 eventus
811 489 997 538 cogitatio.
1057 488 1233 528 similiter
1261 489 1331 535 VI,
1360 490 1427 534 31,
1457 490 1496 527 3:
1537 479 1642 531 οὗτος
1669 490 1711 526 δὲ
1736 487 1756 526 ὁ
1791 489 1950 538 πόλεμος
1982 488 2031 532 «ῖς
2060 488 2205 539 mamas
2231 503 2271 525 τε

186 546 358 597 ἐσόμενος
383 551 446 587 καὶ
469 552 551 587 κατ’
577 548 785 599 ἀμφότερα,
811 540 857 587 οὗ
881 544 929 586 ἂν
954 551 1034 598 δέῃ,
1059 550 1122 585 καὶ
1147 550 1257 585 ναυσὶ
1281 550 1344 584 καὶ
1369 548 1471 596 πεζῷ
1495 545 1574 596 ἅμα
1599 551 1827 598 ἐξαρτυθεὶς,
1864 552 2089 588 coniunctivo
2117 552 2183 600 δέῃ
2200 562 2270 588 non

188 609 265 647 tam
292 610 320 649 ii
346 611 438 649 varii
465 623 552 650 usus
578 611 776 661 significari
804 610 983 656 videntur,
1012 609 1084 658 qui,
1122 611 1164 646 ut
1191 609 1334 647 venturi
1362 611 1489 654 essent,
1518 621 1647 658 magno
1675 622 1757 648 cum
1784 611 1895 649 animi
1923 612 2054 649 affectu
2081 614 2268 659 exspecta-

186 669 330 718 bantur,
359 672 420 710 sed
446 673 483 719 ii,
512 673 574 722 qui
601 672 713 711 animi
741 672 962 720 cogitatione
988 670 1102 708 futuri
1131 670 1367 719 fingebantur.
1412 670 1588 716 Ceterum,
1616 672 1657 708 ut
1683 672 1757 709 iam
1783 672 1867 717 dixi,
1897 673 2071 710 eiusmodi
2099 673 2267 711 coniunc-

186 731 361 779 tivorum,
399 733 442 771 de
479 734 610 782 quibus
646 732 808 770 dubitari
847 733 985 780 potest,
1027 743 1113 768 num
1149 731 1423 778 exspectationis
1469 732 1622 768 habendi
1656 733 1746 778 sint,
1783 735 1886 770 tanta
1921 736 1976 771 est
2012 735 2195 781 paucitas,
2224 737 2267 771 ut

185 793 349 842 equidem
375 796 516 843 praeter
541 795 607 834 hos
635 794 723 833 duos
751 795 889 832 certum
916 792 1060 842 quidem
1087 794 1196 841 atque
1222 793 1411 831 indubium
1438 794 1579 831 nullum
1606 794 1808 833 invenerim.
1853 795 1928 833 Nec
1954 806 2025 844 qua
2051 796 2190 834 ratione
2209 795 2265 833 illi

185 857 460 902 exspectationis
495 857 714 895 coniunctivi
748 855 974 900 evanuerint,
1011 854 1098 891 adeo
1133 854 1279 891 difficile
1305 857 1361 891 est
1386 855 1497 892 dictu.
1551 856 1646 892 Nam
1673 858 1714 892 ut
1749 857 1856 893 ceteri
1890 857 2062 903 pedestris
2089 859 2264 895 orationis

185 914 375 963 scriptores
415 917 470 956 ita
496 916 608 956 etiam
640 915 866 965 Thucydides
892 926 957 964 pro
984 914 1158 953 eiusmodi
1185 914 1442 962 coniunctivis,
1479 916 1541 964 qui
1573 917 1667 953 certe
1697 918 1814 953 ratam
1849 917 1922 954 fore
1956 918 2180 956 voluntatem
2208 919 2265 955 vel

183 978 484 1024 exspectationem
502 977 719 1026 significant,
748 976 924 1015 vicarium
951 977 1139 1024 supposuit
1166 976 1404 1014 indicativum
1432 977 1564 1022 futuri,
1601 988 1704 1025 quem
1739 978 1830 1015 inter
1856 980 1962 1026 atque
1997 979 2264 1017 conjunctivum

182 1038 219 1075 id
245 1040 391 1077 tanturn
407 1039 626 1077 discriminis
652 1039 822 1086 primitus
849 1038 1092 1076 intercessisse
1110 1037 1263 1083 videtur,
1292 1039 1334 1075 ut
1361 1038 1420 1075 hic
1446 1046 1521 1075 rem
1540 1040 1781 1085 exspectatam
1800 1039 1998 1084 denotaret,
2027 1039 2088 1077 ille
2115 1040 2263 1078 eandem

181 1110 249 1138 non
276 1100 347 1139 nisi
373 1099 536 1139 futuram
563 1100 779 1149 depingeret,
808 1099 917 1138 donec
934 1099 1114 1148 paulatim
1141 1099 1241 1137 illius
1268 1101 1388 1147 partes
1408 1099 1669 1148 quodammodo
1696 1100 1906 1147 susciperet,
1934 1101 2027 1148 quod
2053 1112 2093 1138 eo
2120 1101 2265 1145 facilius

181 1162 303 1208 potuit
333 1161 430 1207 fieri,
467 1172 537 1209 quo
569 1163 712 1209 saepius
745 1162 885 1208 positus
912 1163 990 1198 erat
1017 1162 1100 1208 post
1126 1161 1235 1198 verba
1272 1162 1419 1198 curandi
1456 1164 1564 1208 atque
1591 1162 1644 1198 ita
1670 1162 1797 1198 horum
1824 1163 2011 1199 verborum
2038 1163 2261 1200 voluntatem

181 1221 339 1270 quadam
366 1233 407 1260 ex
433 1223 537 1270 parte
563 1222 709 1260 induere
735 1223 909 1270 coeperat.
950 1221 1071 1269 Atque
1097 1222 1156 1258 hic
1182 1221 1399 1259 indicativus
1426 1222 1550 1267 futuri,
1580 1222 1673 1270 quod
1700 1222 1808 1270 vulgo
1834 1222 1938 1259 finale
1964 1224 2187 1268 nominatur,
2223 1226 2265 1259 ut

181 1283 236 1320 est
263 1282 574 1330 frequentissimus
610 1284 647 1320 in
679 1283 877 1320 enuntiatis
912 1283 1159 1320 coniunctione
1192 1276 1295 1323 ὅπως
1329 1284 1482 1327 ornatis,
1519 1295 1610 1330 quae
1644 1284 1681 1319 in
1708 1283 1823 1319 medio
1851 1283 2024 1320 collocata
2056 1286 2138 1320 sunt
2166 1285 2260 1320 inter

180 1343 369 1381 enuntiata
396 1342 540 1390 finalia,
569 1354 722 1392 quorum
749 1344 935 1392 legitimus
962 1344 1017 1381 est
1044 1343 1171 1381 modus
1199 1343 1446 1381 coniunctivus
1474 1344 1600 1381 aoristi
1627 1336 1674 1378 ἄν
1700 1343 1879 1391 particula
1897 1354 1963 1380 non
1990 1344 2198 1389 instructus,
2227 1346 2264 1380 et

181 1404 370 1442 enuntiata
396 1404 568 1450 relativa,
605 1405 659 1442 ita
686 1405 796 1442 etiam
832 1405 870 1441 in
897 1404 1095 1441 enuntiatis
1122 1404 1285 1441 relativis
1313 1405 1407 1451 apud
1434 1405 1625 1451 scriptores
1653 1415 1819 1451 persaepe
1844 1406 2035 1450 usurpatus
2062 1405 2254 1442 invenitur.

179 1465 227 1502 Et
253 1475 297 1502 ne
323 1465 569 1514 Thucydidem
596 1466 739 1514 quidem
766 1467 812 1504 ab
839 1467 908 1504 hac
934 1465 1073 1503 dicendi
1101 1465 1356 1503 consuetudine
1383 1465 1553 1511 recedere,
1582 1465 1750 1513 exemplis
1778 1464 1954 1502 nonnullis
1982 1464 2185 1503 illustrabo.

302 1526 366 1572 VI,
388 1528 447 1572 91,
469 1527 505 1565 4.
559 1527 739 1576 στρατιάν
765 1531 936 1575 πέμψετε
959 1524 1146 1575 τοιαύτην,
1171 1524 1298 1567 οἵτινες
1323 1523 1603 1562 ὁπλιτεύσουσιν
1628 1523 1763 1570 εὐθύς,
1789 1526 1851 1561 καὶ
1876 1520 1994 1572 ἄνδρα
2020 1525 2261 1574 Σπαρτιάτην

177 1580 361 1636 ἄρχοντα,
395 1585 444 1629 αῖς
468 1581 516 1625 α”ν
539 1586 626 1629 τούς
650 1601 691 1624 τε
715 1585 907 1636 παρόντας
933 1585 1095 1636 ξυντάξῃ
1111 1586 1174 1622 καὶ
1198 1585 1284 1627 τούς
1308 1584 1361 1635 μή
1388 1586 1569 1627 θέλοντας
1596 1584 1902 1634 προσαναγκάσῃ,
1937 1586 1998 1622 ubi
2024 1586 2259 1623 indicativum

177 1647 293 1685 futuri
311 1648 349 1685 in
367 1648 553 1686 enuntiato
571 1648 725 1686 relativo
744 1648 867 1686 eadem
885 1648 957 1685 fere
976 1647 1119 1685 notione
1134 1648 1349 1694 usurpatum
1365 1658 1440 1684 esse
1454 1647 1569 1694 liquet
1588 1658 1630 1683 ac
1658 1646 1924 1683 coniunctivum
1951 1647 2075 1684 aoristi
2102 1640 2148 1684 ἄν
2174 1659 2258 1694 par-

177 1709 293 1748 ticula
319 1712 488 1748 ornatum
515 1711 553 1747 in
579 1711 765 1748 enuntiato
793 1710 894 1747 finali
920 1707 968 1751 ὦς
994 1710 1175 1756 particula
1201 1709 1417 1746 introducto.
1473 1709 1648 1746 Similiter
1674 1707 1757 1753 VII,
1778 1709 1837 1753 49,
1867 1709 1888 1744 2
1916 1708 2016 1746 iuxta
2044 1709 2144 1754 VIII,
2170 1710 2199 1754 1,
2222 1710 2256 1753 3,

179 1772 215 1809 et
242 1770 346 1818 VIII,
366 1772 427 1818 39,
448 1772 470 1809 2
499 1771 601 1810 iuxta
628 1771 691 1818 IV,
715 1772 771 1817 17,
795 1772 828 1817 1,
856 1772 892 1808 et
919 1771 1023 1817 VIII,
1044 1771 1104 1816 63,
1125 1772 1149 1807 4
1176 1770 1222 1808 cl.
1241 1770 1324 1815 VII,
1349 1771 1380 1816 7,
1401 1772 1435 1815 3,
1465 1771 1501 1807 et
1527 1770 1590 1814 IV,
1615 1770 1698 1814 118,
1723 1769 1768 1804 13
1795 1769 1894 1805 iuxta
1925 1770 2006 1814 118,
2032 1771 2087 1805 14.

300 1831 330 1878 Ι,
351 1832 411 1877 65,
431 1833 453 1868 2
471 1832 509 1872 ἐς
533 1831 602 1881 τήν
626 1831 913 1878 Πελοπόννησον
938 1833 1140 1879 ἔπρασσεν,
1165 1825 1242 1878 ὅπῃ
1269 1829 1407 1876 ὠφελία
1433 1843 1484 1870 τις
1510 1829 1710 1878 γενήσεται,
1735 1830 1797 1865 ubi
1825 1830 2047 1866 enuntiatum
2066 1830 2257 1867 relativum

176 1892 400 1931 voluntatem
433 1894 490 1931 vel
517 1892 815 1940 exspectationem
842 1892 1009 1929 denotare
1035 1890 1267 1929 manifestum
1295 1891 1360 1928 est.
1415 1889 1552 1936 Quibus
1580 1888 1688 1927 adde:
1726 1889 1753 1934 I,
1779 1890 1834 1927 19.
1873 1890 1930 1935 52,
1953 1891 1986 1926 3.
2040 1891 2099 1935 56,
2121 1890 2155 1927 2.
2194 1891 2255 1936 90,

176 1955 212 1993 3.
259 1955 319 2002 91,
348 1955 383 1994 2.
439 1955 522 2002 107,
551 1956 585 1993 4.
639 1953 708 2000 III,
742 1954 800 2000 16,
827 1954 866 1990 3.v
911 1953 992 1998 109,
1025 1953 1056 1990 1.
1111 1952 1174 1997 IV,
1199 1953 1233 1997 8,
1258 1952 1291 1988 8.
1346 1952 1405 1996 22,
1438 1952 1468 1987 1.
1518 1951 1600 1995 128,
1626 1952 1660 1987 5.
1707 1951 1769 1996 VI,
1799 1952 1853 1995 11,
1879 1952 1912 1987 6.
1958 1952 2017 1996 21,
2051 1952 2080 1987 1.
2128 1953 2187 1995 44,
2220 1953 2254 1988 4.

176 2018 268 2055 VIII
287 2019 349 2064 43,
369 2019 404 2056 2.
450 2019 511 2063 48,
532 2018 567 2055 4.
614 2018 673 2063 63,
694 2018 729 2053 4.
777 2017 836 2061 67,
861 2017 891 2060 1,
921 2015 1005 2052 alia.

302 2077 371 2117 Sed
397 2078 471 2116 iam
497 2078 592 2116 unde
618 2077 800 2115 aberravit
828 2076 961 2122 oratio,
1007 2077 1177 2113 revertar.
1233 2075 1488 2112 Coniunctivus
1524 2075 1637 2122 igitur
1671 2075 1707 2110 in
1742 2074 1936 2111 enuntiatis
1971 2074 2132 2110 relativis
2160 2074 2255 2121 apud

177 2139 422 2189 Thucydidem
457 2140 487 2177 is
521 2140 594 2186 est,
630 2150 700 2187 quo
734 2138 891 2177 conditio
925 2137 982 2175 vel
1017 2147 1181 2185 praesens
1217 2136 1271 2174 vel
1307 2135 1431 2173 futura
1459 2135 1676 2184 cogitatione
1703 2134 1861 2183 fingitur.
1914 2134 1966 2171 Ex
1992 2145 2060 2183 quo
2088 2134 2254 2180 efficitur,

177 2202 220 2239 ut
246 2201 387 2249 proprie
413 2202 568 2249 ponatur
595 2202 676 2248 post
704 2202 866 2247 tempora
892 2199 1076 2246 primaria,
1105 2199 1147 2235 ut
1174 2199 1256 2245 pote
1283 2208 1433 2245 quorum
1462 2197 1619 2234 actiones
1647 2207 1732 2232 num
1759 2197 1922 2233 eventum
1950 2196 2140 2233 habiturae
2166 2196 2251 2241 sint,

176 2262 231 2300 ita
249 2264 356 2301 certis
375 2263 591 2311 quibusdam
619 2262 910 2300 adiunctionibus
937 2260 1051 2298 teneri
1077 2260 1254 2297 dicantur.
1295 2258 1394 2297 Idem
1422 2259 1453 2296 si
1481 2259 1561 2306 post
1580 2259 1741 2305 tempora
1760 2256 1966 2295 secundaria
1985 2267 2051 2294 usu
2077 2257 2184 2303 venit,
2213 2268 2254 2294 ex

175 2322 320 2370 obliquo
356 2323 494 2360 dicendi
522 2334 650 2371 genere
679 2323 848 2369 explicari
876 2322 1014 2368 potest,
1044 2332 1131 2367 quo,
1164 2332 1254 2368 quae
1279 2321 1437 2357 homines
1467 2321 1732 2366 cogitaverunt,
1763 2319 1945 2362 dixerunt,
1972 2318 2128 2354 fecerunt
2142 2347 2150 2362 ,
2183 2330 2251 2354 non

175 2383 221 2421 ad
239 2385 381 2431 tempus
400 2384 635 2432 praeteritum
646 2383 867 2426 referuntur,
886 2382 948 2420 sed
966 2381 1227 2430 quodammodo
1247 2381 1403 2418 recentia
1421 2382 1504 2418 ante
1523 2379 1642 2417 oculos
1661 2379 1840 2427 ponuntur
1858 2388 1900 2415 ac
1918 2377 2094 2415 narrando
2112 2388 2254 2425 reprae-

174 2445 371 2491 sentantur,
386 2445 487 2483 velut
504 2445 536 2483 si
554 2446 738 2483 actionum
755 2445 902 2482 eventus
922 2454 991 2480 non
1009 2443 1086 2491 ipso
1106 2444 1265 2490 tempore
1283 2442 1476 2489 praeterito
1496 2442 1620 2477 irritus
1640 2441 1688 2477 sit
1706 2440 1767 2476 sed
1785 2450 1878 2475 nunc
1891 2439 2033 2475 demum
2053 2441 2154 2475 ratus
2175 2439 2252 2476 fiat.

295 2505 463 2543 Ceterum
489 2506 557 2543 hoc
581 2506 660 2543 loco
687 2505 902 2542 monendum
928 2515 1005 2541 esse
1031 2504 1191 2548 videtur,
1229 2503 1332 2540 illam
1359 2502 1592 2548 temporalem
1619 2501 1827 2537 relationem
1861 2500 1898 2536 in
1925 2500 2003 2546 ipsa
2030 2500 2249 2537 coniunctivi

173 2567 289 2606 forma
322 2567 493 2616 primitus
527 2578 597 2605 non
631 2566 743 2605 fuisse
769 2566 938 2614 positam.
993 2564 1064 2603 Sed
1090 2575 1171 2602 cum
1199 2574 1260 2602 eae
1292 2563 1510 2602 coniunctivi
1538 2562 1715 2606 notiones,
1753 2571 1840 2608 quas
1877 2560 2109 2608 primigeniae
2138 2560 2250 2598 fuisse

167 2639 282 2682 supra
316 2629 391 2667 iam
417 2629 600 2674 diximus,
636 2629 711 2666 sive
737 2628 938 2665 voluntatis
974 2628 1048 2664 sive
1082 2626 1377 2674 exspectationis,
1412 2636 1449 2661 re
1483 2635 1565 2660 vera
1600 2623 1646 2659 ad
1672 2622 1763 2658 nihil
1790 2621 1889 2658 aliud
1917 2623 2077 2668 spectent
2105 2622 2176 2659 nisi
2205 2622 2250 2659 ad

173 2692 316 2740 tompus
342 2702 510 2738 praesens
538 2691 594 2728 vel
621 2690 784 2727 futurum
797 2718 806 2735 ,
842 2689 954 2728 etiam
988 2689 1019 2726 is
1046 2688 1314 2733 coniunctivus,
1350 2698 1418 2734 quo
1446 2696 1501 2722 res
1528 2683 1716 2732 cogitando
1744 2685 1889 2720 tantum
1916 2682 2079 2730 fingitur,
2108 2683 2253 2721 easdem

172 2750 366 2791 relationes
392 2751 573 2801 paulatim
608 2751 806 2799 suscepisse
832 2749 1026 2787 censendus
1054 2750 1120 2786 est.
1174 2748 1292 2795 Atque
1320 2748 1372 2783 ita
1399 2747 1531 2792 optime
1566 2744 1734 2791 explicari
1761 2744 1896 2790 potest,
1931 2744 2025 2790 quod
2061 2744 2253 2781 discrimen

173 2813 442 2851 coniunctivum
469 2814 563 2851 inter
589 2815 625 2849 et
652 2813 857 2859 optativum
876 2812 1058 2858 cogitandi
1087 2811 1230 2846 notione
1255 2811 1445 2853 utrumque
1472 2806 1673 2852 praeditum
1700 2805 1908 2842 intercedat.
1955 2805 2023 2842 Sed
2051 2805 2094 2843 de
2120 2806 2188 2843 hac
2215 2817 2252 2843 re

171 2871 267 2912 infra
293 2873 574 2922 disputabimus.
