2485 3102
1107 121 1360 159 -19-

204 282 207 284 v
310 230 618 281 participium
642 230 809 270 futuri.
843 230 925 299 1113
941 230 1003 277 82,
1022 230 1058 266 2.
1103 230 1166 266 καὶ
1190 229 1355 267 ἐπέπεσε
1378 229 1500 267 πολλοὶ
1524 232 1587 268 καὶ
1603 233 1751 279 χαλεποὶ
1768 235 1864 273 κατα
1882 237 2015 274 στάσιν
2032 239 2115 280 ταῖς
2132 237 2275 293 πόλεσι

186 290 387 347 γιγνόμενα
403 293 470 329 καὶ
500 288 578 328 αέὶ
591 289 766 339 ἐσόμενα,
798 292 866 333 ὥς
897 283 947 327 a³⁸v
970 288 996 339 ἤ
1020 287 1118 339 αὐτή
1144 288 1256 337 φύσις
1279 288 1353 326 τῶν
1377 288 1592 339 ἀνθρώπων
1615 282 1651 342 ᾗ,
1679 306 1747 343 quo
1774 297 1851 335 loco
1878 299 2050 346 condicio,
2079 312 2152 348 qua
2178 301 2275 339 actio

106 387 108 389 .
186 351 371 403 participii
395 352 512 392 futuri
538 351 705 392 eventum
730 349 904 390 habitura
928 350 997 397 est,
1025 348 1253 389 coniunctivo
1280 349 1440 399 cogitata
1466 349 1668 394 denotatur.

305 415 341 462 β.
366 413 530 463 tempora
557 411 773 450 antecedunt
799 411 1023 449 secundaria.

308 474 531 514 acrinus.
583 474 614 521 Ι,
642 473 703 520 58,
724 473 760 511 2.
812 473 890 515 τοῖς
920 485 961 510 τε
992 469 1183 510 ἐκλιποῦσι
1214 469 1355 515 τούτοις
1388 470 1453 523 τῆς
1486 472 1619 513 ἑαυτοῦ
1649 475 1713 527 γῆς
1745 477 1811 530 τῆς
1837 482 2050 529 Μυγδονίας
2085 484 2172 533 περὶ
2205 482 2274 535 ''J''

185 533 332 592 Βόλβην
356 535 488 584 λίμνην
512 535 625 571 ἔδωκε
647 536 843 581 νέμεσθαι,
868 533 936 574 ἕως
960 524 1008 569 ἂν
1032 529 1054 568 o‘
1079 531 1175 580 πρός
1200 529 1411 581 Ἀθηναίους
1436 528 1642 583 πόλεμος*
1617 552 1651 587 ῃ.

313 610 343 644 γ.
369 595 486 634 oratio
512 596 569 633 est
595 594 754 643 obliqua

308 657 413 702 VIII,
442 656 557 702 87,1.
610 654 658 705 τῇ
682 656 726 692 δὲ
750 653 913 704 στρατιᾷ
945 645 1171 703 προστάξειν
1202 656 1275 703 ἔφη
1313 655 1448 703 Ταμων
1480 657 1613 696 ἑαυτοῦ
1637 675 1817 711 υπαρχον,
1843 675 1937 701 ωστε
1961 665 2104 715 τροφήν
2129 668 2170 703 ἐν
2194 678 2273 717 οσῳ

184 731 233 755 αν
249 714 362 759 αὕτὸς
378 713 463 765 α’πῇ
479 713 634 754 διδόναι.
689 715 820 764 quibus
847 715 937 754 adde
963 716 1033 761 III,
1063 716 1123 761 28,
1146 716 1178 753 l.
1220 716 1322 763 VIII,
1352 719 1412 764 81,
1432 719 1466 756 3.

971 798 978 803 ⁸
1029 805 1066 844 2.
1094 820 1185 845 οταν
1210 808 1247 845 et
1272 803 1429 855 ὁπόταν,

185 899 278 938 quas
304 888 399 927 inter
425 888 624 936 particulas
650 887 688 925 id
714 887 860 926 tantum
887 887 1104 926 discriminis
1131 888 1331 934 intercedit,
1368 889 1409 926 ut
1436 889 1501 927 illa
1528 891 1733 941 plerumque
1760 894 1957 943 simplicem
1984 898 2072 936 haec
2099 900 2269 939 iteratam

182 950 361 987 actionem
387 949 543 986 denotet.

306 1027 342 1050 α.
369 1011 533 1060 tempora
560 1010 776 1049 antecedunt
802 1010 986 1059 primaria.

305 1083 540 1120 praesens.
593 1073 657 1118 VI,
686 1074 747 1118 86,
767 1074 803 1109 3.
847 1070 925 1109 οἵδε
949 1069 1035 1119 ὑμῖν
1059 1069 1122 1108 αἐί
1142 1086 1182 1108 τε
1206 1072 1479 1120 ἐπιβουλευουσι
1502 1076 1564 1110 καὶ
1589 1090 1679 1113 οταν
1704 1078 1829 1127 καιρόν
1853 1080 2001 1127 λάβωσι,
2027 1080 2094 1118 οὐκ
2111 1081 2268 1121 ἀνιᾶσι,

304 1135 334 1180 I,
367 1135 450 1180 141,
471 1135 505 1172 6.
549 1134 633 1180 142,
653 1135 688 1180 9,
726 1134 789 1172 ubi
825 1133 921 1172 actio
956 1133 1089 1172 iterata
1116 1133 1336 1198 cogitatione
1363 1134 1522 1184 fingitur
1564 1136 1608 1175 cf.
1637 1137 1748 1178 Class.
1777 1151 1810 1178 a.
1837 1140 1862 1178 1.
1912 1141 1961 1189 II,
1993 1143 2051 1190 11,
2071 1145 2106 1182 6.
2148 1145 2208 1191 43,
2233 1146 2265 1183 1.

182 1196 252 1242 IH,
282 1196 398 1243 39,.7
441 1196 556 1239 567.
600 1195 663 1241 IV,
693 1196 809 1241 60,.2
850 1195 1034 1240 VI3‚.1

304 1257 631 1304 imperativus.
685 1257 715 1302 I,
744 1256 859 1301 36,1.
898 1255 1020 1304 γνώτω
1053 1253 1098 1293 οὕ
1128 1256 1178 1294 τοὶ
1210 1255 1391 1305 κράτιστα
1425 1256 1603 1307 προνοῶν,
1629 1273 1718 1298 οταν
1744 1261 1780 1302 ἐς
1810 1260 1874 1299 τόν
1897 1263 2077 1310 μέλλοντα
2102 1265 2266 1314 πόλεμον

180 1317 352 1368 ἐνδοιαζῃ
376 1319 507 1367 χωρίον
533 1316 769 1367 προσλαβεῖν,
797 1317 856 1355 cui
882 1317 973 1356 adde
999 1317 1042 1364 V,
1071 1317 1132 1364 47,
1154 1318 1175 1355 7
1203 1317 1240 1355 in
1267 1316 1420 1356 foederis
1446 1321 1688 1358 monumento.

304 1380 586 1417 infinitivus
620 1380 894 1427 imperativi
928 1380 1034 1417 loco.
1071 1380 1115 1425 V,
1144 1380 1178 1424 9,
1202 1380 1234 1416 7.
1276 1377 1323 1415 συ
1349 1380 1403 1425 δὲ,
1430 1380 1626 1429 Κλεαρίδα,
1652 1376 1814 1431 ὕστερον,
1848 1398 1939 1421 οταν
1970 1387 2036 1433 ἐμὲ
2068 1385 2158 1436 ὁρᾷς
2189 1381 2263 1437 ἤδη

178 1443 452 1491 προσκειᾏιενον,
487 1437 678 1490 αἰφνιδίως
708 1438 777 1482 τοὶς
809 1437 931 1482 πύλας
962 1436 1114 1484 ἀνοίξας
1147 1440 1323 1478 ἐπεκθεῖν
1355 1439 1418 1477 καὶ
1451 1439 1667 1488 επείγεσθαι
1698 1455 1745 1484 ως
1781 1442 1940 1492 τάχιστα
1976 1448 2163 1495 fumigat,
2201 1449 2265 1498 qui

179 1502 324 1552 quidem
359 1502 562 1541 infinitivus
598 1503 725 1540 unicus
763 1503 839 1548 est,
888 1513 993 1550 quem
1030 1502 1256 1550 Thucydides
1292 1502 1371 1540 loco
1408 1502 1611 1549 imperativi
1650 1505 1822 1543 secundae
1859 1518 2029 1554 personae
2066 1510 2263 1558 singularis

179 1565 329 1603 admisit
345 1562 386 1612 1),
414 1576 498 1603 nam
524 1564 588 1610 VI,
619 1566 679 1610 34,
700 1566 723 1601 9
750 1565 859 1602 verba
885 1564 992 1602 aliter
1019 1564 1229 1611 comparata
1256 1564 1352 1602 sunt.

301 1626 521 1664 futurum.
575 1625 605 1672 I,
636 1626 720 1672 121,
743 1625 774 1663 1.
820 1618 912 1662 ὅταν
936 1621 1169 1673 ἄμυνώμῖεθα
1193 1620 1417 1673 Ἀθηναίους,
1443 1624 1745 1674 καταθησόμεθα
1769 1626 1882 1666 αὐτόν
1913 1628 1994 1678 (τόν
2017 1630 2194 1682 πόλεμον)
2222 1633 2262 1670 ἐν

177 1686 303 1737 καιρῷ.
357 1689 387 1734 I,
418 1688 502 1732 121,
524 1688 558 1724 4.
603 1688 686 1733 142,
710 1688 741 1723 1.
785 1687 870 1732 144,
892 1686 926 1722 2.
967 1686 1016 1731 H,
1047 1686 1106 1731 64,
1131 1687 1163 1722 1.
1204 1686 1268 1731 IV,
1299 1686 1358 1731 64,
1380 1686 1416 1722 3.
1460 1686 1542 1731 126,
1565 1687 1598 1724 6.
1641 1688 1682 1733 V,
1713 1689 1770 1726 98.

298 1753 331 1798 β.
359 1750 521 1798 tempora
547 1748 762 1787 antecedunt
789 1747 1011 1793 secundaria,

177 1822 269 1861 quae
303 1810 445 1860 quidem
480 1810 642 1859 exempla
677 1810 732 1849 ita
769 1810 979 1859 comparata
1016 1809 1119 1855 sunt,
1158 1809 1200 1846 ut
1241 1808 1429 1847 enuntiata
1464 1810 1676 1857 temporalia
1713 1822 1781 1849 non
1820 1813 1865 1851 ad
1902 1814 1997 1853 nuda
2033 1815 2149 1855 relata
2187 1817 2260 1857 sint

175 1876 339 1922 tempora
372 1873 592 1919 secundaria,
628 1873 690 1911 sed
725 1884 865 1920 semper
898 1873 963 1911 aut
997 1872 1178 1910 infinitivo
1213 1872 1277 1909 aut
1312 1871 1503 1919 participio
1530 1873 1593 1910 aut
1621 1872 1846 1913 coniunctivo
1873 1878 2010 1923 ornata,
2040 1878 2094 1916 ita
2121 1880 2162 1917 ut
2189 1891 2258 1918 non

175 1937 253 1975 tam
280 1935 326 1974 ab
352 1934 428 1973 illis
454 1945 565 1984 quam
592 1934 637 1972 ab
664 1934 721 1972 his
748 1934 898 1983 pendere
924 1933 1099 1972 censenda
1124 1933 1209 1971 sint.

297 1997 614 2045 participium
642 1997 698 2035 ad
724 1997 1050 2045 imperfectum
1076 1995 1287 2034 relatum.
1336 1995 1400 2042 IV,
1430 1996 1519 2042 5,1.
1563 1995 1600 2033 οἱ
1622 1997 1696 2033 δὲ.
1758 2026 1766 2033 .
1792 1997 1832 2034 ἐν
1856 1995 2023 2049 ὀλιγωρίᾳ
2048 1999 2254 2049 ἐποιοῦντο,

174 2071 222 2101 ως
247 2070 338 2096 οταν
363 2056 566 2102 ἐξέλθωσιν
589 2049 616 2109 ἧ
639 2055 708 2105 οὐχ
739 2055 1016 2107 ὑπομενοῦντας
1047 2055 1149 2105 σφᾶς
1173 2048 1199 2107 ἧ
1225 2057 1361 2107 ῥᾳδίως
1384 2055 1585 2105 ληψόμενοι
1606 2059 1679 2106 βίᾳ.
1732 2058 1899 2096 similiter
1928 2060 1985 2105 77,
2006 2062 2042 2098 2.

297 2120 518 2158 aoristus.
559 2119 769 2166 V1,79,1.
808 2113 855 2170 ἣν
881 2116 1125 2168 (ξυμμαχίαν)
1151 2115 1392 2167 ἐποιήσασθε
1416 2145 1424 2153 .
1451 2113 1722 2166 ..Ἀθηναίοις
1742 2120 1906 2167 βοηθειν,
1931 2134 2022 2158 οταν
2040 2119 2106 2159 υπ’
2124 2116 2255 2172 ἄλλων

172 2194 237 2218 και
259 2193 311 2231 μη
338 2175 446 2217 αὐτοὶ
469 2173 597 2229 ωσπερ
621 2177 688 2218 νῦν
711 2193 797 2222 τους
822 2179 940 2222 πέλας
966 2176 1137 2224 adonio&

296 2240 628 2312 coniumctivus
663 2241 923 2289 dependens
957 2241 1011 2278 ab
1045 2239 1338 2287 imperfecto.
1393 2239 1494 2285 VIII,
1525 2240 1584 2285 90,
1607 2241 1641 2276 3
1680 2228 1727 2289 ἦν
1752 2241 1794 2276 δὲ
1818 2239 1885 2277 τοῦ
1907 2245 2046 2288 τείχους
2070 2241 2095 2292 η’
2118 2244 2254 2293 γνώμη,

170 2315 233 2339 ινα
257 2314 343 2343 τους
368 2299 564 2412 πολείφίονς
589 2314 681 2338 οταν
704 2300 905 2349 βούλωνται
929 2301 992 2338 καὶ
1015 2301 1127 2338 ναυσὶ
1151 2314 1214 2337 και
1239 2298 1343 2348 πεζῷ
1366 2300 1551 2343 δέξωνται.

295 2376 325 2411 y.
352 2361 447 2401 orati
496 2363 552 2400 est
578 2362 737 2412 obliqua.

293 2425 358 2471 VI,
387 2425 447 2470 93,
467 2425 503 2462 3.
548 2438 568 2461 ο
594 2425 637 2462 δὲ
661 2424 822 2462 ἐκέλευεν
848 2453 856 2461 .
883 2453 890 2461 .
915 2423 984 2466 τας
1008 2423 1143 2465 λοιπας
1169 2421 1287 2472 (ναῦς)
1308 2423 1680 2492 παρασκευάζεσθαι,
1706 2434 1798 2467 οσας
1824 2423 2055 2464 διανοοῦνται
2079 2432 2254 2475 πέμπειν

170 2486 234 2524 καὶ
257 2480 351 2524 ὅταν
382 2484 508 2535 καιρός
539 2474 565 2536 ᾖ
590 2483 739 2534 ἑτοίμας
770 2480 863 2524 εἶναι
895 2485 1011 2523 πλεῖν.
1063 2486 1093 2532 1,
1123 2486 1182 2532 62,
1204 2486 1238 2531 3,
1275 2485 1338 2523 ubi
1364 2477 1411 2536 ἤν
1438 2486 1473 2523 et
1499 2499 1589 2523 οταν
1615 2486 1655 2523 ut
1682 2496 1785 2533 saepe
1819 2486 1918 2525 nullo
1952 2487 2023 2525 fere
2049 2488 2254 2528 discrimine

172 2547 375 2594 promiscue
400 2548 594 2595 ponuntur.
636 2547 718 2593 VH,
749 2549 809 2593 50,
838 2548 873 2584 3.
915 2548 1018 2594 VIII,
1050 2548 1107 2593 11,
1128 2549 1163 2584 3.
1204 2548 1306 2592 VIII,
1336 2548 1395 2591 86,
1417 2548 1450 2584 8.

291 2608 431 2656 Quibus
457 2608 548 2647 adde
574 2618 617 2646 ea
643 2608 818 2657 exempla,
855 2620 947 2658 quae
971 2606 1118 2646 οπόταν
1144 2608 1363 2657 particulam
1390 2607 1576 2645 exhibent:
1615 2608 1663 2654 II,
1693 2608 1752 2654 84,
1774 2609 1809 2645 2.
1849 2606 1917 2657 τήν
1942 2609 2167 2658 ἐπιχείρησιν
2192 2612 2252 2661 ἐφ’

169 2667 291 2717 ἑαυτῷ
313 2667 477 2716 ἐνόμιζεν
501 2664 606 2714 εἶναι,
631 2666 779 2706 ὁπόταν
802 2668 988 2718 βούληται.
1028 2670 1091 2715 IV,
1121 2671 1181 2715 21,
1202 2671 1236 2706 2.
1278 2670 1321 2715 V,
1353 2671 1384 2714 7,
1406 2670 1440 2706 5.
1481 2669 1582 2715 VIII,
1612 2670 1670 2714 67,
1691 2670 1723 2706 3.

293 2729 374 2768 Iam
399 2740 493 2767 nunc
519 2729 565 2767 ad
592 2739 635 2767 ea
661 2729 851 2768 enuntiata
878 2730 1093 2779 temporalia
1118 2731 1356 2776 transeamus,
1384 2740 1476 2778 quae
1495 2729 1683 2778 particulis
1702 2740 1724 2767 a
1742 2730 1853 2779 stirpe
1869 2731 2088 2779 pronominis
2107 2733 2253 2773 relativi

169 2800 239 2827 non
266 2790 439 2830 derivatis
465 2790 754 2829 introducuntur.

292 2889 323 2930 1)
345 2890 383 2923 cf.
406 2891 522 2930 Krueg.
544 2890 749 2930 Sprachlehre
770 2891 819 2929 55,
838 2891 865 2923 1.
