2485 3102
1143 100 1272 157 -'g
1325 141 1373 147 -

830 238 855 278 Ι.
891 240 1105 289 tempora
1138 240 1420 279 antecedunt
1453 240 1685 288 primaru.

1030 321 1064 350 a.
1096 310 1270 360 particula
1296 304 1344 350 ἄν
1371 309 1483 350 decet.
1505 319 1511 324 “

334 372 544 419 tempora
579 372 687 409 sunt
722 373 1011 419 praesentia.
1705 419 1707 422 Α

332 444 403 489 ΠΙ,
431 444 492 489 43,
512 445 547 481 5.
582 442 649 480 νῦν
681 444 724 480 δὲ
755 441 852 492 πρός
877 440 1008 493 ὀργήν,
1034 437 1164 491 ἥντινα
1189 439 1343 489 τύχητε,
1370 442 1470 478 ἔστιν
1495 435 1557 478 ὅτε
1583 441 1786 489 σφαλέντες
1810 441 1880 492 τήν
1903 441 1972 481 τοῦ
1996 446 2195 486 πείσαντος
2217 446 2308 492 μίαν

203 503 350 553 γνώμην
376 501 560 553 ζημιοῦτε·
817 555 836 567 ‚,

333 565 482 603 Temere
499 564 558 602 hic
577 563 783 611 Madvigius
809 576 857 613 ην
880 575 963 598 τινα
987 560 1122 610 τύχητε
1139 561 1378 609 reponendum
1406 572 1482 599 esse
1499 560 1687 609 proposuit
1713 562 1750 599 et
1768 559 1933 601 Stahlius
1959 558 2074 615 ἥντιν’
2100 556 2149 602 ἂν
2172 562 2307 614 τύχητε

209 627 356 676 scripsit
383 638 450 673 „ex
477 626 657 665 constanti
684 625 790 662 huius
817 622 1008 661 locutionis
1036 633 1122 669 usu,
1159 633 1251 671 quae
1277 624 1314 660 et
1349 622 1488 671 origine
1522 623 1559 660 et
1585 623 1764 661 sententia
1791 623 1981 663 simillima
2016 627 2071 664 est
2106 625 2306 674 pronomini

209 688 427 738 „quilibet“,
448 688 493 725 cl.
515 685 675 735 Thucyd.
695 685 799 723 VIII.
819 685 880 730 48,
902 685 924 721 5
951 685 988 721 et
1009 683 1198 721 Demosth.
1218 683 1284 730 IX,
1305 684 1365 721 54.
1394 682 1535 729 XXIII,
1558 683 1617 729 72,
1646 683 1683 721 et
1709 683 1967 724 Herwerdenus
1985 684 2014 734 ¹)
2041 680 2088 736 ἦν
2112 700 2147 723 τι
2171 685 2307 735 τύχητε

207 749 415 797 σφαλέντες
441 748 605 786 coniecit.

333 810 463 859 Itaque
490 809 576 857 quid
603 807 693 845 mihi
722 807 771 844 sit
798 806 866 844 hac
893 805 937 843 de
963 817 1001 843 re
1028 806 1153 843 iudicii
1180 806 1305 853 paucis
1332 817 1518 854 exponam.

332 870 540 908 Particulae
566 862 614 905 ἄν
642 869 813 906 naturam
839 867 1101 905 Delbrueckius
1128 867 1200 905 1.1.
1220 878 1302 916 pag.
1325 868 1374 905 84
1401 878 1454 915 sq.
1482 869 1524 905 ut
1551 868 1713 915 equidem
1742 869 1831 916 puto
1858 869 2060 907 rectissime
2086 880 2166 907 eam
2194 867 2307 905 fuisse

207 931 283 969 iam
317 929 571 979 primigeniam
599 929 745 975 statuit,
774 929 817 966 ut
844 928 891 966 ad
917 928 1071 966 actionis
1090 928 1256 966 effectum
1285 929 1464 976 spectaret
1492 939 1644 977 eumque
1661 928 1930 966 condicionibus
1956 929 2177 978 implicitum
2198 928 2307 965 deno-

206 993 316 1030 taret.
364 993 494 1039 Itaque
520 1002 583 1038 per
611 1002 649 1028 se
675 991 777 1037 patet
805 991 874 1027 hac
892 990 1074 1037 particula
1101 990 1244 1037 proprie
1270 989 1459 1028 modorum
1487 990 1560 1027 vim
1589 990 1778 1036 illustrari,
1807 992 1851 1028 ut
1877 991 1939 1039 qui
1966 1002 2023 1029 res
2050 992 2116 1029 aut
2142 990 2307 1039 appetitu

207 1053 431 1092 desideratas
459 1052 524 1090 aut
542 1050 766 1100 cogitatione
786 1050 891 1088 fictas
910 1050 1111 1107 designent,
1141 1062 1293 1100 quarum
1321 1052 1468 1089 eventus
1495 1052 1560 1089 aut
1587 1051 1707 1089 certus
1734 1052 1798 1089 aut
1825 1052 1984 1090 incertus
2002 1052 2157 1101 cogitari
2175 1052 2305 1100 potest,

209 1116 316 1163 prout
340 1115 390 1160 is,
419 1114 479 1162 qui
508 1113 689 1162 loquitur,
718 1113 887 1150 effectum
924 1113 1045 1150 animo
1072 1112 1192 1161 fingit.
1248 1113 1295 1150 Et
1321 1112 1430 1150 huius
1457 1113 1658 1161 particulae
1692 1124 1780 1151 usus
1815 1115 2018 1161 temporum
2053 1124 2245 1163 progressu
2270 1113 2308 1150 in

207 1178 322 1216 certas
349 1174 525 1226 quasdam
551 1175 649 1224 leges
677 1174 845 1214 redactus
873 1174 941 1221 est,
970 1186 1060 1223 quas
1088 1174 1280 1223 scriptores
1308 1185 1349 1213 eo
1376 1173 1588 1224 diligentius
1607 1174 1849 1215 observabant
1877 1186 1919 1215 ac
1944 1174 2208 1226 propagabant,
2236 1185 2306 1225 quo
2364 1185 2365 1188 ¹

206 1239 326 1286 plures
352 1237 613 1286 praeterierant
640 1238 781 1274 aetates
809 1247 852 1273 ac
879 1237 1055 1283 tempora.
1110 1236 1179 1273 Sed
1206 1237 1313 1272 huius
1341 1247 1428 1273 usus
1455 1237 1591 1284 gradus
1625 1239 1734 1285 atque
1761 1248 1971 1285 progressus
1997 1238 2197 1275 describere
2224 1248 2306 1274 cum

206 1300 252 1338 ab
280 1290 487 1338 nostrarum
514 1298 727 1336 chartarum
755 1296 939 1346 angustiis
967 1297 1172 1343 abhorreat,
1200 1308 1315 1345 pauca
1342 1298 1488 1335 tantum
1516 1297 1721 1336 afferamus.
2191 1293 2193 1296 ’

328 1360 450 1408 Atque
476 1360 657 1398 Homerus
690 1359 835 1407 quidem
863 1351 911 1394 ἄν
937 1358 994 1395 vel
1022 1364 1083 1395 κέν
1118 1359 1316 1405 particulas
1351 1369 1456 1406 saepe
1490 1359 1611 1404 addit,
1648 1370 1754 1407 saepe
1789 1360 1950 1405 omittit,
1988 1360 2052 1397 ubi
2079 1361 2304 1407 posterorum

205 1421 421 1470 scriptorum
448 1419 587 1459 dicendi
615 1419 874 1458 consuetudine
900 1429 1039 1467 semper
1066 1414 1114 1456 ἄν
1141 1419 1359 1467 postulatur.
1400 1420 1497 1457 Nam
1523 1420 1566 1457 ut
1592 1430 1704 1457 unum
1730 1419 1872 1458 laudem
1893 1421 2164 1459 enuntiatorum
2181 1431 2305 1470 genus,

206 1484 242 1521 in
277 1482 476 1520 enuntiatis
511 1482 677 1520 relativis
722 1481 945 1519 coniunctivi
990 1482 1026 1518 et
1072 1481 1271 1518 voluntatis
1317 1482 1353 1518 et
1391 1481 1669 1529 exspectationis
1716 1483 1751 1519 et
1791 1482 1935 1520 futurae
1982 1482 2034 1519 rei
2075 1482 2307 1531 cogitationis

206 1544 349 1581 circiter
383 1544 542 1592 octogies
578 1543 812 1581 inveniuntur
847 1542 933 1579 nudi
971 1543 1007 1580 et
1042 1542 1184 1579 circiter
1218 1543 1352 1580 centies
1386 1542 1602 1591 quadragies
1637 1536 1685 1580 ἄν
1719 1543 1775 1580 vel
1801 1549 1864 1581 κέν
1897 1544 2087 1591 particulis
2122 1540 2306 1581 instructi.

205 1605 343 1643 Deinde
366 1605 562 1654 lyricorum
589 1606 654 1643 aut
681 1604 906 1653 tragicorum
933 1604 1121 1651 poetarum
1150 1604 1290 1641 dicendi
1317 1603 1612 1642 consuetudinem
1639 1604 1670 1641 si
1697 1604 1971 1652 perlustramus,
2000 1616 2071 1642 non
2089 1605 2165 1642 iam
2183 1603 2304 1642 eadem

205 1678 437 1705 numerorum
463 1667 559 1704 ratio
586 1667 777 1704 intercedit
811 1667 907 1702 inter
933 1667 1128 1713 utrumque
1155 1666 1322 1713 loquendi
1349 1678 1474 1711 usum,
1504 1666 1566 1702 sed
1601 1666 1912 1704 coniunctivorum
1944 1660 1993 1702 ἄν
2020 1668 2076 1704 vel
2103 1671 2165 1704 κέν
2190 1667 2307 1714 parti-

205 1729 297 1767 culis
324 1730 534 1767 ornatorum
562 1728 752 1778 aliquanto
780 1729 836 1766 est
862 1727 979 1765 maior
1006 1727 1217 1777 frequentia.
1235 1723 1266 1775 ²)
1328 1727 1421 1764 'rum
1450 1727 1720 1766 Herodotus
1747 1728 1993 1767 coniunctivos
2019 1728 2134 1766 nudos
2161 1727 2305 1766 exhibet

206 1791 256 1837 Π,
278 1791 338 1837 85,
367 1791 431 1828 ubi
450 1791 631 1829 antecedit
650 1789 901 1828 coniunctivus
936 1783 984 1826 ἅν
1002 1789 1211 1835 instructus,
1241 1790 1304 1835 IV,
1326 1790 1387 1827 46.
1430 1790 1490 1828 66.
1513 1791 1597 1827 172;
1626 1791 1655 1836 I,
1679 1791 1764 1828 132.
1791 1790 1841 1839 (v.
1860 1791 1885 1829 1.
1906 1789 2055 1839 ἐθέλει.)
2084 1791 2113 1837 Ι,
2135 1790 2221 1837 216,
2245 1790 2309 1827 ubi

207 1852 366 1891 Steinius
380 1852 524 1901 quidem
539 1849 764 1903 ἐπιθυμήσῃ
778 1862 845 1899 pro
859 1849 1058 1889 indicativo
1073 1850 1186 1889 futuri
1201 1851 1469 1889 rescribendum
1484 1862 1562 1890 esse
1577 1854 1707 1890 censet.
1736 1851 1871 1900 Quidni
1884 1852 1999 1902 igitur
2013 1851 2252 1903 Thucydides,
2267 1854 2310 1890 ut

204 1913 416 1962 saepissime
450 1913 541 1951 alibi
577 1913 781 1961 antiquiore
817 1912 974 1960 quodam
1010 1914 1045 1949 et
1073 1923 1094 1949 a
1120 1914 1307 1959 poetarum
1344 1913 1531 1950 idiomatis
1566 1924 1671 1961 saepe
1704 1914 1803 1951 haud
1836 1914 1952 1952 alieno
1986 1914 2155 1962 loquendi
2185 1924 2311 1962 genere

205 1976 344 2022 utitur,
381 1976 493 2014 etiam
526 1975 586 2013 hic
614 1987 635 2013 a
663 1974 835 2023 legitima
870 1975 1094 2022 posterorum
1122 1975 1338 2023 scriptorum
1376 1974 1516 2013 dicendi
1551 1975 1825 2023 consuetudine,
1862 1987 1971 2025 quam
2007 1975 2149 2015 exculto
2184 1975 2310 2014 Attico

205 2047 367 2074 sermone
392 2036 564 2074 Platones
592 2036 659 2074 aut
677 2035 939 2073 Demosthenes
968 2035 1084 2072 secuti
1112 2037 1209 2081 sunt,
1239 2036 1399 2072 recedere
1425 2036 1609 2083 putandus
1636 2037 1713 2073 sit?
1756 2037 1888 2083 Quidni
1908 2036 2095 2084 Sophoclis
2122 2037 2187 2074 aut
2205 2037 2311 2073 Euri-

205 2098 300 2146 pidis
328 2098 485 2147 vestigia
512 2099 751 2147 sequeretur?
786 2097 865 2135 Aut
892 2108 1087 2146 quamnam
1116 2096 1225 2135 aliam
1254 2097 1433 2135 scribendi
1460 2098 1636 2136 rationem
1664 2098 1763 2146 sequi
1791 2100 1934 2147 poterat
1961 2099 2031 2137 nisi
2057 2099 2186 2137 horum
2213 2099 2310 2136 viro·

205 2171 305 2206 rum,
341 2161 405 2208 qui
438 2170 582 2197 summa
617 2159 780 2197 omnium
816 2159 1027 2197 Atticorum
1062 2158 1237 2196 florebant
1271 2159 1392 2197 studio
1428 2170 1471 2197 ac
1498 2159 1790 2208 significatione?
1834 2161 1960 2199 Nonne
1986 2160 2081 2199 idem
2106 2153 2154 2212 ἤν
2181 2162 2218 2197 et
2243 2159 2311 2197 ἐάν

207 2222 407 2268 promiscue
433 2223 606 2269 usurpat,
644 2218 816 2258 similiter
843 2222 952 2268 atque
984 2221 1021 2256 in
1054 2220 1347 2268 inscriptionibus
1383 2221 1543 2258 eiusdem
1571 2222 1704 2259 aetatis
1731 2223 1933 2269 promiscue
1959 2223 2197 2269 usurpantur,
2226 2221 2311 2269 quia

207 2284 286 2321 tam
312 2294 456 2322 severae
482 2283 568 2322 illae
601 2283 699 2332 leges
736 2282 896 2321 nondum
923 2282 1144 2321 constitutae
1170 2283 1285 2330 erant,
1314 2294 1468 2332 quarum
1486 2283 1707 2322 auctoritate
1725 2283 1938 2332 posteriores
1957 2282 2101 2322 demum
2119 2282 2311 2332 scriptores

208 2344 453 2383 tenebantur?

330 2407 448 2444 Immo
483 2407 594 2445 etiam
631 2407 690 2444 hic
724 2406 843 2444 nudus
877 2406 1085 2444 retinendus
1119 2418 1195 2444 esse
1230 2405 1373 2444 videtur
1408 2407 1657 2445 coniunctivus
1684 2408 1727 2445 ut
1754 2407 1818 2453 IV,
1850 2407 1909 2454 18,
1938 2407 1962 2444 4
1989 2406 2126 2445 servari
2153 2407 2307 2454 oportet,

208 2467 271 2507 ubi
297 2467 471 2517 legimus:
505 2468 705 2519 σωφρόνων
731 2469 774 2508 δὲ
799 2465 949 2519 ἀνδρῶν
976 2465 1110 2519 (εἰσὶν),
1143 2482 1272 2512 οιτινες
1304 2466 1459 2518 τᾰγαθιὶ
1493 2468 1530 2510 ἐς
1563 2464 1769 2518 αμφίβολον
1802 2464 1982 2518 ἀσφαλῶς
2016 2468 2149 2506 ἔθεντο
2175 2489 2222 2494 -
2249 2468 2312 2505 καὶ

187 2531 292 2573 4’ταῖς
318 2531 524 2599 ξυμφοραῖς
549 2530 586 2566 οἷ
609 2527 716 2567 αὐτοι
740 2527 1025 2579 εὐξυνετώτερον
1050 2543 1099 2567 αν
1119 2535 1392 2579 προσφέροιντο
1410 2551 1460 2557 -
1478 2528 1544 2567 τόν
1568 2543 1609 2566 τε
1634 2529 1796 2577 πόλεμον
1820 2533 1998 2578 νομίσωσι
2021 2544 2074 2579 μη
2102 2532 2194 2567 καθ’
2220 2540 2311 2567 οσον

206 2583 256 2627 οἷν
280 2603 333 2632 τις
358 2587 474 2627 αὐτοῦ
497 2595 608 2640 μέρος
638 2589 817 2641 βούληται
841 2591 1124 2640 μεταχειρίζειν,
1157 2589 1276 2639 τούτῳ
1291 2592 1461 2639 ξυνεῖναι,
1489 2588 1569 2629 ἀλλ’
1597 2604 1645 2632 ως
1671 2605 1720 2628 αν
1745 2605 1786 2628 αι
1810 2589 1920 2637 τύχαι
1944 2586 2068 2628 αὐτῶν
2091 2586 2310 2641 ηγῆσωνται.

333 2651 447 2697 Quem
472 2652 592 2689 locum
619 2654 655 2690 et
681 2653 726 2691 ob
754 2652 943 2691 modorum
970 2653 1256 2701 permutationes
1292 2654 1328 2690 et
1362 2654 1407 2691 ob
1440 2664 1566 2691 sensus
1597 2653 1760 2690 latebras
1788 2653 1969 2699 explicatu
2004 2651 2262 2690 difficillimum
2278 2647 2310 2698 ⁸)

208 2723 274 2761 ego
303 2712 357 2750 sic
383 2713 574 2760 intellego:
612 2714 739 2751 Nolite
765 2714 924 2760 credere,
962 2716 1122 2752 vestram
1157 2715 1251 2752 hanc
1278 2714 1463 2753 fortunam
1491 2726 1630 2762 semper
1657 2714 1844 2752 vobiscum
1871 2714 2033 2752 futuram
2061 2724 2157 2757 esse;
2186 2711 2248 2749 sed
2274 2711 2311 2748 in

338 2812 370 2852 1)
392 2812 508 2844 Mnem.
530 2813 556 2850 1,
578 2812 628 2844 82.

330 2863 364 2904 2)
386 2862 427 2894 cf.
450 2863 546 2894 etiam
569 2873 649 2903 quae
671 2865 755 2898 infra
776 2865 809 2897 in
831 2866 1001 2905 appendice
1023 2867 1133 2899 critica
1155 2867 1196 2899 ad
1218 2868 1243 2905 Ι,
1268 2867 1337 2906 139,
1360 2867 1380 2898 3
1402 2868 1575 2900 afferemus.

330 2915 364 2956 3)
387 2915 428 2946 cf.
452 2924 533 2955 quae
555 2914 719 2947 Classenus
741 2927 768 2948 a.
792 2917 813 2949 1.
835 2919 1012 2949 annotavit.
