2485 3102
1119 85 1374 130 -13-

189 182 306 244 utque
331 194 380 235 ad
411 195 490 235 eius
522 195 640 252 ipsius
666 196 826 238 aetatem
852 196 950 248 apud
975 207 1098 238 omnes
1123 196 1198 249 (οπο
1215 197 1416 247 scriptores
1440 197 1588 247 reperiri
1605 198 1746 247 potest.
1799 198 1908 247 Nam,
1935 198 1979 239 ut
2003 209 2117 238 unum
2141 196 2289 238 laudem

190 255 266 294 fere
299 257 489 312 aequalem
523 258 748 307 scriptorem,
782 259 989 299 Herodotus
1023 259 1062 297 in
1086 247 1217 297 iisdem
1243 258 1445 297 enuntiatis
1470 258 1517 296 ad
1543 259 1791 299 coniunctivos
1815 253 1865 302 ἄν
1881 259 2110 309 particulam
2133 259 2295 317 plerum-

191 326 263 366 que
296 308 411 366 addit,
439 314 503 358 sed
528 328 819 388 nonnumquam..
835 319 949 359 etiarn
980 318 1135 358 omittit.
1188 314 1417 365 cf.1,11·7:
1455 319 1700 369 παραδίδωμι
1718 323 1847 369 μέντοι
1853 317 1967 389 τᾷδε
1990 313 2089 361 md
2111 311 2217 366 cdo,
2241 319 2297 357 b-

189 373 647 429 ταλάρωνοςθεῒναίμυ
679 381 718 423 ἐς
749 375 888 431 ἐρῆμον
919 391 1028 430 ουρος
1058 379 1122 416 καὶ
1153 382 1424 429 παραμένοντα
1454 376 1673 428 φυλάσσειν,
1704 392 1794 431 ακρι
1824 368 2106 433 οὖηλευσῆοῃ,
2140 381 2233 431 quae
2263 379 2298 418 si

192 450 277 479 cum
302 439 527 491 Thucydidis
552 442 584 490 1,
616 442 700 490 137,
719 443 744 480 2
777 441 1054 491 comparaveris,
1082 442 1119 480 et
1144 451 1253 480 sensu
1278 441 1316 479 et
1341 440 1602 489 compositione
1626 441 1819 481 simillima
1844 453 1923 481 esse
1948 442 2118 481 invenies.
2162 441 2295 491 quibus

192 501 285 540 adde
310 502 376 549 IV,
408 502 481 542 119
506 506 615 552 μέχρι
639 503 683 540 δὲ
706 499 817 539 τοῦτο
843 501 989 550 ἴδωμεν,
1016 502 1086 549 ΙΠ,
1116 502 1178 540 31.
1219 501 1324 548 VIII,
1356 501 1441 540 108.

963 603 998 641 b.
1034 603 1211 652 particula
1235 616 1285 642 αν
1310 602 1433 655 addita
1458 604 1528 642 eat.

318 671 474 710 oratio
501 671 572 708 est
599 669 807 718 obliqua.
849 669 933 716 VII,
963 670 1025 717 83,
1045 670 1082 707 2.
1121 674 1230 719 μέχρι
1252 683 1297 709 ου
1321 670 1356 707 δ’
1382 661 1431 707 ἂν
1450 668 1549 719 (Non
1574 671 1670 709 recte
1687 669 1882 710 Classenus
1902 672 2121 720 scripturam
2138 671 2224 710 Vat.
2242 671 2295 709 Β.

191 735 300 781 μέχρι
332 731 366 768 δ’
391 721 438 769 οὗ
460 724 510 769 ἂν
543 731 581 768 in
616 731 758 769 textum
792 730 938 779 recepit,
975 730 1063 781 quia
1094 735 1204 782 μέχρι
1236 745 1280 771 ov
1307 730 1416 769 nnius
1443 730 1570 780 plenae
1604 732 1738 781 atquae
1771 732 1937 782 integrae
1971 732 2173 781 particulae
2209 732 2296 773 adeo

191 792 310 831 instar
334 793 473 831 factum
499 793 566 838 est,
594 793 637 830 ut
662 792 845 840 particula
871 792 914 828 δὲ
938 792 1156 840 interposita
1181 794 1342 841 separari
1367 804 1439 831 non
1473 792 1581 831 licere
1605 793 1788 841 videatur)
1821 792 1872 830 τα
1896 806 2075 843 χρηματα
2093 791 2294 843 ἀποδοθῇ,

190 846 333 902 ἄνδρας
358 851 490 891 δώσειν
514 849 717 902 Ἀθηναίων
743 849 917 904 ὁμήρους,
946 853 1006 892 cui
1033 853 1124 893 adde
1151 854 1255 901 VIII,
1283 854 1345 902 58,
1365 854 1389 892 5
1415 853 1469 903 (in
1495 852 1664 905 foedere).

1177 943 1214 984 2.
1241 945 1318 989 ἕως.

947 1016 1123 1065 particula
1149 1010 1198 1055 ἰὲν
1224 1025 1365 1065 ampon-
1390 1016 1545 1055 sumt.

312 1097 349 1121 α.
375 1082 521 1131 tempus
547 1081 730 1121 antecedit
757 1081 987 1131 primarium.

313 1154 550 1192 praesens.
578 1143 643 1189 VI,
674 1144 734 1190 77,
754 1144 790 1182 2.
843 1136 870 1194 ἧ
893 1148 1052 1192 μένομεν
1077 1145 1144 1185 ἕως
1169 1137 1217 1181 α”ν
1242 1144 1392 1181 ἔκαστοι
1418 1143 1517 1182 ma*
1542 1143 1668 1186 πόλεις
1691 1142 1919 1194 ληφθῶμενς

310 1209 344 1255 β.
371 1206 537 1254 tempora
563 1203 781 1244 antecedunt
808 1204 1032 1244 secundaria.

312 1266 654 1315 imperfectum.
682 1265 787 1313 VIII,
807 1266 868 1313 29,
890 1266 924 1306 1.
950 1262 1019 1302 τοῦ
1042 1265 1086 1303 δὲ
1101 1263 1237 1304 λοιποῦ
1259 1264 1393 1317 χρόνον
1417 1264 1585 1316 ἐβούλετο
1610 1264 1804 1316 τριώβολον
1821 1263 1977 1313 διδόναι,
1994 1265 2062 1309 ἕως
2079 1258 2128 1305 α”ν
2141 1265 2297 1316 βασιλέα

187 1330 381 1378 ἐπέρηται.

314 1388 546 1428 coriatus.
574 1388 658 1436 VII,
690 1388 748 1436 16,
773 1388 806 1426 1.
852 1384 956 1438 αὐτῷ’
979 1378 1136 1437 (Nasica),
1164 1387 1231 1431 ἕως
1255 1380 1304 1426 α”ν
1329 1387 1446 1438 ἕτεροι
1472 1387 1714 1438 ξυνάρχοντες
1739 1386 1953 1438 αἱρεθέντες
1978 1384 2199 1437 ἀφίκωνται,
2223 1386 2297 1427 τῶν

186 1447 306 1488 αὐτοῦ
329 1451 411 1488 ἐκεῖ·
428 1449 499 1488 δύο
523 1450 777 1500 προσείλοντο,
804 1461 875 1499 quo
900 1449 980 1488 loco
997 1450 1136 1487 certam
1154 1449 1432 1487 Atheniensium
1450 1449 1755 1497 exspectationem
1772 1449 1936 1488 denotari
1954 1449 2080 1498 liquet.
2127 1449 2294 1489 Ceterum

187 1511 288 1552 haud
321 1512 397 1551 ecio
432 1522 479 1550 an
513 1509 606 1550 illud
640 1509 722 1549 ἐκεῖ
739 1510 816 1549 iam
841 1510 1038 1560 Krucgero
1064 1510 1273 1559 suspectum
1308 1522 1391 1548 cum
1418 1510 1658 1549 Herwerdeno
1684 1510 1874 1549 delendum
1901 1510 1962 1556 sit,
1990 1511 2053 1559 qui
2080 1513 2177 1549 recto
2203 1512 2295 1550 mihi

187 1575 328 1613 coum
347 1572 560 1612 Classenum
595 1571 759 1620 emphasi
785 1572 846 1610 hic
879 1571 1000 1610 locum
1035 1582 1106 1610 non
1140 1582 1217 1610 esse
1251 1571 1465 1610 contendere
1501 1571 1657 1611 videtur.
1709 1572 1757 1610 Et
1783 1571 1859 1610 iam
1885 1570 2084 1610 scholiasta
2109 1572 2149 1610 in
2174 1568 2294 1610 αὐτοῦ

185 1634 533 1675 &adverbiorum
559 1633 789 1685 copulatione
810 1633 1001 1672 offendisse
1019 1633 1174 1680 videtur,
1202 1634 1257 1671 ita
1283 1634 1326 1671 ut
1352 1633 1446 1672 falso
1472 1634 1702 1681 interpretari
1729 1634 1935 1682 cogeretur:
1962 1630 2035 1670 τῶν
2062 1631 2298 1682 στρατιωτῶν

186 1694 316 1744 αὐτοῦ,
341 1688 455 1747 ἤγουν
480 1692 549 1732 τοῦ
575 1695 715 1732 Νικίου.

309 1772 342 1808 γ.
369 1757 488 1797 oratio
515 1756 572 1796 est
598 1755 761 1806 obliqua.

310 1819 382 1867 111,
410 1819 472 1866 9⁷,
504 1818 538 1857 1.
592 1815 687 1856 ἰέναι
720 1817 885 1856 ἐκέλευον
920 1812 978 1857 ὅτι
1011 1817 1172 1866 τάχιστα
1208 1818 1275 1856 ἐπὶ
1309 1817 1378 1861 τοὶς
1413 1817 1539 1867 κώμας
1571 1817 1636 1856 καὶ
1665 1816 1721 1869 μή
1751 1822 1873 1866 μένειν
1904 1818 1973 1860 ἕως
2003 1811 2053 1856 ἂν
2085 1816 2298 1865 ξύμπαντες

187 1877 465 1931 ἀθροισθέντες
495 1876 777 1923 ἆνειτᾰξωνται.
840 1879 870 1926 Ι,
907 1881 968 1927 28,
989 1880 1023 1919 5.
1073 1881 1133 1927 29,
1155 1882 1190 1919 5.
1244 1881 1307 1922 90,
1329 1880 1363 1918 3.
1413 1879 1462 1927 II,
1494 1880 1527 1925 7,
1548 1880 1585 1919 2.
1625 1879 1689 1926 IV,
1718 1879 1780 1927 30,
1799 1879 1836 1918 4.
1884 1878 1990 1927 Vm,
2022 1880 2080 1927 11,
2101 1879 2137 1919 2.
2179 1879 2240 1927 84,
2260 1880 2296 1917 5·

543 1980 585 2019 ΙΙ.
611 1979 861 2019 coniunctivae
886 1981 944 2020 eat
971 1982 1014 2028 ia,
1042 1982 1100 2028 qul
1129 1982 1182 2020 rel
1209 1982 1394 2021 coniuncto
1419 1980 1538 2019 chiae
1565 1980 1709 2020 imsrvtt
1734 1981 1951 2029 uanum.

312 2046 417 2097 Quod
442 2046 761 2087 coniunctivorum
785 2057 901 2097 genus
928 2047 994 2086 illo
1019 2046 1208 2097 aliquanto
1235 2049 1291 2088 est
1317 2048 1540 2098 frequentius
1567 2048 1677 2098 atque
1703 2057 1843 2097 semper
1865 2041 1914 2087 ἂν
1930 2047 2113 2097 particula
2135 2047 2297 2094 ornatur,

188 2121 263 2159 qua
287 2109 528 2156 condiciones,
562 2108 697 2157 quibus
731 2108 894 2147 actiones
930 2108 1132 2157 implicitae
1157 2111 1254 2157 sunt,
1292 2109 1457 2148 denotari
1485 2110 1596 2159 atque
1620 2109 1746 2159 augeri
1772 2108 2006 2148 manifestum
2033 2110 2101 2148 est.
2153 2108 2235 2156 Qua
2260 2108 2299 2146 in

188 2184 227 2211 re
252 2172 475 2222 quantopere
508 2170 556 2209 ab
591 2169 744 2209 Homeri
779 2169 922 2209 dicendi
957 2181 1026 2209 usu
1060 2169 1202 2210 recedat
1229 2171 1468 2220 Thucydides,
1503 2171 1611 2209 facile
1643 2170 1727 2209 inde
1753 2182 1956 2220 cognosces,
1989 2170 2084 2220 quod
2111 2170 2177 2208 ille
2201 2169 2298 2208 circa

187 2232 406 2283 quadragies
431 2225 480 2269 ἔν
506 2231 650 2270 omittit
677 2231 714 2269 et
741 2231 878 2270 centies
905 2230 1123 2281 quadragies
1150 2232 1254 2271 addit
1269 2229 1311 2282 ¹),
1340 2232 1401 2271 hic
1426 2243 1566 2281 semper
1592 2225 1641 2271 ἄν
1667 2232 1847 2282 adiungit.

986 2306 1015 2345 1.
1043 2305 1122 2355 ἕως,
1147 2307 1187 2345 ἐν
1212 2302 1304 2358 ὅσῳ,
1330 2308 1368 2351 ἐς
1393 2302 1496 2356 ὅσον,
1533 2308 1536 2311 ’

187 2378 320 2427 quibus
343 2375 662 2416 coniunctionibus
689 2374 880 2415 enuntiata
907 2374 1189 2414 introducuntur
1214 2375 1438 2424 secundaria,
1466 2386 1619 2425 quorum
1637 2375 1799 2415 actiones
1816 2376 1914 2415 idem
1940 2376 1978 2414 in
1997 2377 2142 2425 tempus
2164 2375 2300 2414 cadunt

187 2441 297 2490 atque
333 2437 599 2478 sententiarum
635 2436 916 2487 primariamm,
944 2447 1056 2486 quam
1082 2436 1128 2475 ob
1156 2438 1360 2487 temporum
1386 2437 1663 2488 congruentiam
1689 2436 1892 2486 particulae
1917 2437 2082 2478 notione:
2112 2437 2298 2488 quamdiu,-

186 2502 286 2548 dum‚
311 2500 431 2549 quoad
457 2520 509 2529 —-
535 2510 576 2538 so
602 2499 712 2548 lange
738 2498 807 2545 als,
836 2498 1020 2547 wahrend,
1050 2498 1200 2537 indutae
1226 2499 1397 2538 evadunt.

310 2576 347 2599 α.
374 2562 540 2611 tempora
566 2560 785 2601 antecedunt
812 2560 1003 2609 primaria.

311 2633 548 2671 praesens.
603 2623 654 2669 II,
684 2622 745 2669 35,
766 2623 803 2660 2.
832 2622 878 2660 cf.
907 2633 1018 2669 supra
1044 2632 1128 2671 pag.
1160 2623 1218 2661 1¹7.

311 2684 643 2734 imperativus.
670 2684 721 2732 Π,
752 2683 812 2731 72,
833 2684 868 2723 3.
904 2680 1013 2722 αὐτοὶ
1045 2684 1089 2721 δὲ
1120 2681 1413 2736 μεταχωρήσατε
1444 2697 1533 2722 orrea
1561 2682 1732 2733 βούλεθε,
1766 2683 1834 2727 ἕως
1859 2697 1908 2722 αν
1931 2697 1953 2721 ο
1979 2681 2140 2732 πόλεμος
2171 2670 2209 2733 ᾗ,
2233 2681 2298 2722 ubi

182 2745 414 2785 coniunctivo
439 2746 613 2794 temporis
639 2746 813 2793 spatium,
841 2756 905 2794 per
930 2746 1027 2795 quod
1052 2745 1191 2783 bellum
1218 2745 1434 2784 duraturum
1461 2745 1522 2793 sit,
1552 2745 1773 2794 cogitatione
1799 2744 1890 2794 fingi
1917 2746 2080 2793 apparet,

313 2855 345 2896 1)
367 2855 407 2888 cf.
429 2854 521 2888 Delb.
545 2857 567 2888 1.
589 2857 611 2888 1.
632 2865 706 2897 pag.
730 2855 791 2888 163
811 2865 869 2897 sqz,
894 2856 954 2889 183
975 2868 1021 2898 sq.
