2485 3102
1095 126 1350 164 ..10-

175 238 354 287 videntur,
381 239 426 278 ut
451 248 544 289 quae
569 239 609 279 in
625 239 815 280 modorum
832 238 974 279 dehctu
989 239 1083 279 nihil
1099 239 1267 279 recedant
1283 239 1331 278 ab
1349 238 1465 287 ipsius
1482 238 1668 286 scriptoris
1686 237 1854 286 loquendi
1869 236 2020 275 ratione.
2061 235 2105 283 V,
2136 236 2194 283 18,
2222 235 2259 273 4.

173 293 222 351 ἢν
247 302 302 338 δι’
318 313 355 338 τι
387 300 569 351 διάφορον
593 290 620 352 ᾗ
643 300 741 351 πρὸς
771 299 965 352 ἀλλήλους,
1005 302 1134 348 δικαίφ
1162 298 1343 350 χρήσθων
1373 300 1436 336 καὶ
1474 311 1608 348 οριοις,
1646 301 1739 337 καθ’
1772 312 1830 336 οτι
1861 291 1931 335 ἂν
1943 295 2166 342 ξννθόνται,
2198 297 2263 335 ubi

175 363 407 403 enuntiatum
440 362 638 402 relativum
671 375 819 413 prorsus
853 362 976 403 eadem
1013 361 1152 401 ratione
1188 360 1452 400 conformatum
1488 362 1544 399 est
1582 371 1625 399 ac
1658 361 1688 407 Ι,
1725 361 1794 408 35,
1822 361 1858 399 4.
1910 353 2096 398 δίκαιον..
2135 353 2265 408 ,ἡμῖν

174 426 448 473 πέμπτανκαθ’
467 417 982 475 ’ἄτιανποισθῆτεωφελίαν-
1030 423 1167 471 Quibus
1194 422 1303 460 adde.
1330 422 1395 464 IV,
1418 423 1501 469 118,
1522 423 1558 460 6.
1604 422 1647 469 V,
1671 424 1729 469 18,
1758 424 1793 460 5.
1844 424 1878 469 8,
1911 423 1968 460 11.
2018 423 2078 467 23,
2102 422 2133 467 1,
2163 420 2197 466 2,
2227 421 2262 466 6,

174 486 239 524 ubi
265 487 457 536 respondet
483 487 714 525 enuntiatum
739 479 787 536 ἤν
813 486 1068 531 introductum,
1097 484 1157 531 47,
1174 484 1197 521 3
1225 482 1324 532 (bis),
1352 484 1376 521 4
1402 482 1502 531 (bis),
1531 484 1565 528 5,
1590 483 1648 521 12.
1688 483 1791 529 VIII,
1820 484 1882 524 37,
1910 484 1945 521 3.
1974 483 2008 520 4.
2062 483 2123 528 58,
2152 483 2186 519 6.
2229 482 2263 519 7·

299 549 347 587 Et
382 560 427 587 ne
453 549 681 588 doriacorum
707 548 850 598 quidem
877 547 1069 593 foederum,
1104 556 1196 594 quae
1230 545 1275 591 V,
1305 545 1352 582 77
1387 545 1424 582 et
1456 545 1499 591 V,
1531 545 1578 582 79
1605 545 1787 593 leguntur,
1814 544 2009 583 dictionem
2035 555 2058 582 a
2083 543 2264 582 communi

174 610 446 649 enuntiatorum
471 611 708 649 relativorum
739 610 929 648 abhorrere
955 607 1209 655 compositione
1243 607 1392 654 apparet
1426 617 1467 643 ex
1502 606 1590 644 locis
1624 606 1670 648 V.
1699 607 1758 652 77,
1788 607 1830 643 6:
1866 602 1909 642 αι’
1928 606 1974 642 δέ
1994 618 2043 642 κα
2067 603 2139 641 τῶν
2162 602 2265 645 ἐκτός

174 670 453 711 Πελοποννάσου
477 684 532 714 τις
555 672 623 709 ἐπὶ
644 670 716 708 τοὶν
738 668 1026 708 Πελοπόννασον
1057 665 1124 715 γᾶν
1149 666 1185 716 ἴῃ
1210 667 1276 703 ἐπὶ
1300 665 1411 715 κακῷ,
1442 663 1657 715 ἀλεξέμεναι
1680 663 1821 714 ‹ilum-sl
1842 665 2152 714 βουλευσαμένους,
2184 659 2265 714 ὅπᾳ

174 745 223 769 κα
247 732 468 771 δικαίοτατα
492 731 585 783 δοκῇ
606 734 684 774 τοῖς
707 731 1025 771 Πελοποννασίοις.
1079 728 1124 766 cf.
1155 728 1215 774 79,
1244 729 1279 766 3.

300 794 337 832 4.
365 794 589 832 futurum.

299 855 330 903 I,
349 856 424 925 ²:783¹
449 856 484 894 4.
523 853 636 896 θεούς
659 866 744 895 τους
768 849 910 902 ὁρκίους
932 851 1126 902 μάρτυρας
1151 852 1360 900 ποιούμενοι
1385 850 1648 902 πειρασόμεθα
1672 848 1885 899 ἀμύνεσθαι
1902 845 2101 900 πολέμιον’
2083 845 2266 901 α’ρχοντας

175 915 307 965 ταύτῃ,
340 906 366 968 ᾗ
397 909 447 954 ἂν
478 913 685 966 ύφηγῆσθε.
747 914 794 960 ΙΙ,
832 914 891 961 72,
920 915 955 952 3.
1007 912 1162 951 ἐπειδᾶν
1198 916 1241 952 δὲ
1274 912 1451 964 παρέλθῃ
1477 910 1514 963 (ὁ
1533 911 1727 962 πόλεμος),
1751 909 1997 961 ἀποδώσομεν
2028 909 2126 961 ύμῖν,
2159 907 2185 949 ἃ
2218 905 2266 949 ἄν

176 976 462 1026 παραλάβωμεν.
495 976 653 1024 Quibus
680 975 789 1013 adde.
824 975 894 1018 ΙΙΙ,
923 976 984 1021 37,
1014 976 1049 1021 3,
1078 976 1141 1012 ubi
1176 976 1430 1013 attractionem
1464 975 1681 1022 pronominis
1713 974 1858 1011 relativi
1893 986 1956 1012 nec
1988 986 2070 1012 cum
2096 975 2265 1012 Classeno

177 1050 218 1076 ex
246 1038 334 1087 περὶ
356 1036 495 1076 τούτων
519 1038 606 1086 περὶ
629 1051 691 1082 ων,
724 1047 789 1075 nec
815 1047 898 1075 cum
926 1036 1104 1075 Ullrichio
1132 1048 1173 1074 ex
1200 1050 1286 1086 περι
1310 1035 1449 1074 τούτων
1474 1028 1552 1072 ἆ’“
1525 1049 1573 1073 αν
1598 1034 1690 1085 δόξῃ
1725 1038 1843 1075 ortam
1870 1047 1946 1074 esse
1972 1047 2107 1084 censeo,
2135 1036 2198 1075 sed
2224 1048 2264 1075 ex

175 1097 315 1136 τούτων
346 1112 398 1135 ων
430 1111 478 1135 αν
512 1096 605 1147 δόξῃ
627 1102 726 1146 πέρι,
763 1098 818 1136 ita
853 1099 896 1137 ut
940 1098 1124 1147 genitivus
1156 1096 1295 1136 τούτων
1329 1098 1375 1136 ab
1411 1097 1640 1136 antecedente
1675 1098 1793 1147 μηδὲν
1829 1097 2026 1145 dependens
2066 1098 2263 1146 partitivns

176 1160 362 1197 habendus
388 1161 449 1198 sit.
476 1181 526 1188 —-
552 1160 621 1205 ΙΙΙ,
650 1161 712 1201 40,
742 1160 775 1205 8,
805 1159 890 1208 (quo
917 1160 996 1198 loco
1023 1162 1149 1198 contra
1167 1160 1377 1198 Classenum
1404 1159 1495 1196 nihil
1521 1158 1736 1197 mutandum
1764 1170 1842 1197 esse
1863 1170 1987 1197 censeo
2006 1171 2088 1197 cum
2107 1159 2264 1208 Stahlio)

179 1222 239 1268 82,
270 1222 304 1260 2.
358 1222 422 1268 IV,
460 1221 519 1268 22,
552 1221 584 1259 1.
637 1222 720 1267 118,
750 1222 774 1259 9
808 1221 863 1270 (ιιι
898 1221 1065 1269 foedere),
1103 1222 1166 1268 VI,
1195 1223 1229 1268 9,
1267 1222 1301 1259 2.
1343 1222 1403 1267 41,
1441 1221 1476 1258 4.

299 1283 378 1329 Qua
413 1283 450 1320 in
477 1283 719 1330 exemplorum
755 1283 846 1320 serie
881 1294 924 1320 ea
957 1295 1028 1321 non
1055 1286 1222 1330 separata
1256 1284 1405 1328 tratavi,
1441 1294 1532 1330 quae
1566 1283 1739 1321 orationis
1775 1283 1942 1330 obliquae
1975 1285 2071 1329 sunt,
2100 1295 2180 1320 cum
2217 1284 2263 1321 ad

175 1344 362 1383 modorum
388 1343 565 1383 delectum
592 1344 685 1383 nihil
712 1344 869 1392 intersit,
897 1345 1022 1384 utrum
1050 1344 1164 1383 oratio
1192 1346 1290 1383 recta
1316 1344 1365 1382 sit
1393 1354 1440 1382 an
1467 1344 1623 1393 obliqua.

862 1450 902 1490 ΙΙ.
929 1450 1097 1499 Tempora
1123 1449 1333 1512 antecedunt
1359 1448 1578 1489 secundaria.

925 1523 1100 1561 Particula
1126 1517 1174 1561 ἄν
1201 1532 1342 1570 semper
1368 1522 1517 1560 additur.

296 1603 398 1650 Quod
434 1604 706 1642 enuntiatorum
741 1605 977 1643 relativorum
1012 1616 1135 1653 genus,
1172 1606 1213 1642 ut
1240 1616 1349 1652 supra
1375 1606 1449 1642 iam
1477 1605 1561 1651 dixi,
1596 1605 1761 1652 obliquae
1788 1606 1960 1643 orationis
1986 1606 2169 1653 proprium
2196 1608 2262 1651 est,

173 1677 243 1713 qua
270 1678 353 1704 cum
379 1678 436 1704 res
462 1667 681 1715 praeteritae
707 1667 812 1715 quasi
838 1668 997 1706 recentes
1025 1667 1144 1705 animo
1174 1666 1368 1715 fingantur,
1398 1665 1508 1705 etiam
1527 1666 1553 1705 ii
1572 1666 1670 1706 modi
1689 1666 1928 1715 postulantur,
1957 1666 2087 1715 quibus
2106 1667 2264 1706 actiones

171 1727 376 1776 praesentes
402 1726 460 1766 vel
486 1726 631 1768 futuras
657 1729 827 1768 eventum
854 1729 987 1769 habere
1013 1739 1116 1778 posse
1142 1727 1379 1782 significatur.

293 1790 323 1834 Ι,
353 1790 414 1835 28,
443 1792 479 1827 2.
518 1788 553 1825 εἷ
575 1792 622 1827 δέ
642 1804 677 1825 τι
710 1788 999 1836 ἀντιποιοῦνται,
1032 1792 1137 1830 δίκας
1171 1783 1309 1840 ἤθελον
1342 1789 1470 1827 δοῦναι
1495 1791 1534 1826 ἐν
1559 1788 1833 1839 Πελοποννήσῳ
1867 1788 1975 1838 παροὶ
2009 1789 2170 1837 πόλεσιν,
2208 1786 2267 1833 αἷς

170 1842 217 1888 ἂν
242 1846 447 1901 ἀμφότεροι
472 1848 649 1900 ξυμβῶσι,
675 1851 739 1890 ubi
767 1852 945 1891 actionem
971 1851 1237 1899 secundariam,
1265 1861 1485 1900 quamquam
1509 1849 1664 1888 rectione
1683 1850 1848 1888 teneatur
1877 1852 2049 1905 temporis
2067 1852 2264 1900 praeteriti,

169 1912 292 1948 tamen
319 1911 358 1948 in
386 1912 529 1959 tempus
555 1912 724 1950 futurum
751 1915 912 1961 spectare
939 1914 1065 1962 liquet.

297 1972 388 2019 135,
418 1974 453 2011 3.
494 1972 532 2010 οἱ
555 1974 599 2011 δὲ
623 1976 845 2016 πεισθέντες
871 1979 1067 2023 πέμπουσι
1080 2003 1088 2011 .
1103 2004 1111 2012 .
1126 2002 1134 2010 .
1150 2002 1158 2010 .
1184 1967 1325 2022 ἄνδρας
1350 1967 1403 2015 οἷς
1428 1970 1550 2021 εἴρητο
1575 1965 1673 2021 ἄγειν
1699 1972 1779 2022 (τόν
1802 1973 2070 2023 Θεμιστοκλέα)
2095 1969 2193 2013 ὅπου
2218 1967 2267 2013 ἂν

170 2032 394 2085 περιτύχωσι
419 2033 481 2084 (cl.
510 2035 571 2082 35,
601 2034 651 2084 2),
689 2035 754 2073 ubi
789 2036 1015 2074 coniunctivo
1051 2035 1208 2073 condicio
1244 2035 1404 2084 fingitur,
1441 2046 1513 2083 qua
1539 2035 1684 2073 effectus
1712 2035 1866 2073 actionis
1893 2036 2085 2083 primariae
2111 2037 2265 2074 circum-

171 2096 329 2143 scriptus
356 2097 422 2135 est.

292 2158 343 2206 II,
372 2158 406 2205 4,
437 2158 471 2197 7.
510 2159 718 2209 ξυνέβησαν
743 2159 820 2202 τοῖς
844 2156 1072 2197 Πλαταιεῦσι
1096 2155 1334 2208 παραδοῦναι
1360 2154 1461 2207 σφᾶς
1486 2153 1621 2199 αὐτούς
1646 2157 1709 2195 καὶ
1733 2157 1782 2195 τοὶ
1808 2152 1910 2196 ὅπλα
1936 2156 2160 2210 χρήσασθαι
2183 2153 2206 2196 3
2229 2172 2265 2196 τι

170 2213 219 2256 ἂν
249 2218 465 2267 βούλωνται,
500 2231 571 2269 quo
605 2220 833 2258 conjunctivo
869 2231 911 2258 ea
945 2221 1202 2268 exprimuntur,
1239 2231 1329 2267 quae
1364 2219 1498 2267 captivi
1535 2222 1617 2267 post
1650 2220 1867 2259 deditionem
1902 2232 2005 2259 suam
2032 2232 2070 2259 se
2096 2232 2265 2269 passuros

170 2292 247 2320 esse
273 2281 495 2330 cogitatione
529 2281 685 2331 fingunt.
739 2282 879 2331 Quibus
914 2282 1022 2321 adde:
1059 2282 1107 2329 II,
1140 2282 1197 2328 74,
1229 2282 1261 2320 1.
1303 2281 1371 2328 ΠΙ,
1401 2281 1460 2328 28,
1493 2282 1524 2319 1.
1566 2280 1630 2329 IV,
1663 2282 1720 2329 15,
1752 2282 1784 2321 l.
1825 2282 1951 2326 ἔδοξεν
1974 2278 2100 2324 αὐτοῖς
2126 2278 2174 2323 αῖς
2199 2282 2265 2319 ἐπὶ

170 2341 347 2392 ξυμφορᾷ
373 2342 513 2392 μεγάλῃ
545 2342 594 2380 τοὶ
627 2344 713 2392 τέλη
747 2342 985 2392 καταβάντας
1010 2345 1047 2385 ἐς
1071 2342 1114 2380 τό
1147 2341 1406 2392 στρατόπεδον
1434 2341 1615 2391 βουλεύειν
1647 2342 1881 2395 παραχρῆμα
1916 2340 2080 2393 ὁρῶντας
2103 2337 2125 2381 ὅ
2149 2357 2185 2381 τι
2217 2337 2265 2382 α”ν

170 2403 271 2454 δοκῇ.
328 2405 386 2450 16,
416 2406 459 2442 2:
494 2399 517 2442 3
540 2418 577 2441 τι
602 2399 687 2444 δ’ἂν
711 2403 852 2443 τόυτων
885 2407 1165 2453 παραβαίνωσιν
1199 2403 1362 2453 ἑκάτεροι
1394 2406 1457 2442 καὶ
1489 2401 1622 2452 ὁτιοῦν,
1656 2402 1740 2443 τότε
1772 2402 1955 2443 λελύσθαι
1989 2403 2058 2446 τας
2095 2403 2265 2447 σπονδάς

171 2466 217 2504 cl.
237 2466 305 2511 23,
337 2467 376 2504 1:
412 2464 479 2503 ἐοὲν
504 2467 568 2503 καὶ
591 2463 713 2504 ὁτιοῦν
739 2463 965 2516 παραβαθῇ.
993 2465 1127 2503 ibidem
1154 2466 1280 2504 denuo.
1322 2467 1384 2508 21,
1414 2468 1448 2504 3.
1490 2468 1551 2513 26,
1581 2467 1616 2504 5.
1644 2466 1736 2504 falso
1763 2466 1823 2504 hic
1847 2466 2039 2504 Classenus
2066 2477 2149 2505 cum
2175 2467 2206 2505 B
2233 2466 2266 2505 G

171 2527 377 2574 optativum
403 2529 584 2576 ξυμφέροι
617 2528 655 2565 ιιι
681 2529 822 2565 textum
857 2527 1002 2575 recepit,
1039 2528 1123 2575 quia
1157 2528 1343 2575 optativus
1377 2522 1425 2565 ἄν
1459 2530 1609 2566 ornatus
1643 2528 1681 2565 in
1715 2539 1770 2565 en.
1798 2528 1864 2565 rel.
1899 2528 1995 2575 apud
2021 2527 2265 2577 Thucydidem

171 2588 304 2638 ubique
337 2589 392 2627 est
427 2588 650 2638 potentialis,
685 2588 729 2627 de
763 2600 834 2639 quo
868 2589 928 2627 hic
963 2588 1116 2639 cogitari
1149 2600 1218 2627 non
1251 2600 1354 2638 posse
1388 2589 1513 2639 liquet.
1549 2589 1611 2638 (cf.
1639 2589 1733 2628 infra
1760 2589 1827 2627 sub
1854 2588 2045 2638 optativo),
2082 2589 2144 2627 sed
2169 2591 2265 2628 recte

172 2650 335 2688 Stahlius
370 2662 411 2688 ex
446 2651 610 2689 codicum
638 2651 665 2688 C
691 2651 721 2688 Ε
747 2652 789 2688 Μ
815 2652 992 2700 ξυμφέρει
1017 2652 1150 2699 recepit
1177 2653 1365 2700 ξυμφέρῃς
1405 2664 1491 2690 nam
1518 2652 1767 2690 coniunctivus
1793 2645 1841 2689 α’ν
1867 2652 2016 2690 ornatus
2044 2651 2264 2700 Thucydidis

169 2723 211 2750 ex
238 2723 307 2751 usu
334 2723 376 2751 ac
401 2711 658 2752 consuetudine
683 2711 824 2752 dicendi
850 2712 1071 2762 postulatur.
1112 2713 1223 2760 36,1
1250 2711 1284 2751 εἰ
1308 2713 1351 2751 δὲ
1364 2710 1607 2786 βούλονται·
1589 2709 1709 2763 εαυτῷ
1733 2710 1958 2787 ‹icium-1031»
1978 2711 2138 2757 τοξοτῶν
2153 2717 2264 2786 μέρος

170 2836 327 2884 ἔφοδον,
368 2848 438 2884 quo
471 2836 551 2875 loco
585 2849 803 2885 quamquam
838 2836 902 2874 ille
936 2840 1114 2886 περιιέναι
1153 2835 1356 2875 infinitivus
1391 2835 1511 2875 finalis
1548 2847 1610 2885 per
1651 2846 1689 2874 se
1722 2835 1816 2874 nihil
1849 2834 1979 2875 habere
2011 2834 2154 2876 videtur
2192 2846 2263 2886 quo

171 2896 413 2945 offendamus,
450 2899 572 2937 tamen
614 2898 712 2937 haud
755 2898 829 2936 scio
864 2909 911 2936 an
952 2897 1074 2936 eodem
1112 2898 1189 2937 loco
1224 2898 1411 2936 habendus
1445 2898 1506 2943 sit,
1542 2908 1612 2945 quo
1650 2897 1849 2935 infinitivus
1886 2898 2006 2934 doum
2038 2896 2261 2946 βιάσεσθαιε
