2485 3102
1095 128 1350 165 -13-

183 236 377 284 colligitur,
406 238 447 274 ut
473 238 584 275 etiam
611 238 765 285 optativi
782 240 1018 276 remanserint
1035 250 1117 276 vere
1143 239 1369 286 potentiales.
1416 239 1515 283 VIII,
1536 240 1596 284 54,
1610 241 1650 276 2.
1695 240 1757 275 καὶ
1781 240 2019 287 ἐψηφίσαντο
2046 236 2263 275 πλεύσαντα

183 294 247 335 τόν
272 297 502 348 Πείσανδρον
533 298 597 337 καὶ
621 298 712 338 δέκα
745 291 886 371 ἄνδρας
916 298 994 350 μετ’
1029 294 1146 337 αὐτοῦ
1169 297 1346 349 πράττειν
1370 311 1447 349 οπῃ
1481 311 1528 336 αν
1553 295 1676 342 αὐτοῖς
1710 300 1832 348 δοκοίη
1868 292 2005 350 α’ριστα
2031 298 2126 342 ἕξειν
2149 295 2199 333 τά
2223 309 2263 331 τε

184 356 279 405 πρὸς
303 356 368 393 τόν
392 362 651 406 Τισσαφέρνην
668 361 731 396 καὶ
747 373 813 396 τον
831 357 1036 408 Ακιβιάδην.
1073 361 1118 397 cf.
1138 362 1199 402 50,
1219 361 1253 396 5.
1301 362 1359 405 76,
1380 362 1414 397 6.
1453 362 1534 406 VII,
1556 363 1614 406 48,
1636 363 1670 398 3.
1715 363 1776 406 VI,
1796 363 1856 407 35,
1880 363 1898 398 1
1922 356 1958 407 (ο
1984 361 2051 406 τιὶ)
2079 361 2122 405 V,
2144 360 2206 399 41,
2230 360 2262 395 l.

796 472 836 509 ΙΙ.
863 470 1042 519 optativus
1068 470 1125 508 est
1152 470 1183 508 is
1209 470 1266 517 qui
1292 470 1435 508 vocatur
1462 470 1649 509 iterativus.

306 541 416 579 Cuius
443 553 530 580 usus
557 544 654 591 apud
683 543 926 592 Thucydidem
953 543 1127 580 eiusmodi
1154 544 1300 581 tantum
1326 543 1487 589 exempla
1512 544 1743 590 reperiuntur,
1779 554 1868 591 quae
1906 542 2135 581 antecedente
2171 542 2264 578 tem-

183 614 268 652 pore
299 603 507 643 secundario
543 604 680 643 nudum
717 604 907 644 exhibeant
943 604 1159 653 optativum.
1213 604 1282 643 Sed
1316 604 1418 642 illam
1453 604 1526 642 vim
1561 605 1764 643 iterativam
1799 615 1883 642 cave
1917 604 2039 642 credas
2075 603 2189 651 ipsius
2225 603 2263 639 in

184 666 339 712 optativi
373 667 488 703 forma
531 677 608 703 esse
659 668 827 713 positam.
897 667 1022 713 Neque
1056 668 1151 703 enim
1185 678 1247 713 per
1284 678 1320 703 se
1356 667 1454 703 aliud
1491 667 1677 713 quicquam
1716 668 1895 715 significat
1932 667 2117 714 optativus
2154 677 2263 714 quam

184 727 360 766 actionem
379 727 589 778 cogitatam.
646 727 714 766 Sed
741 738 822 765 cum
849 727 885 765 in
912 727 1099 766 enuntiato
1125 727 1297 776 primario
1325 738 1429 775 saepe
1456 727 1628 765 eiusmodi
1646 729 1786 776 tempus
1812 729 1916 773 esset,
1944 727 2038 776 quod
2062 727 2105 765 de
2123 726 2263 764 actione

182 790 316 828 iterata
341 791 576 838 usurparetur
596 790 840 835 describenda,
869 790 975 827 facile
1000 791 1144 838 poterat
1170 790 1258 835 fieri,
1287 791 1329 827 ut
1356 790 1478 827 eadem
1497 790 1677 838 cogitandi
1703 791 1794 828 ratio
1820 791 1858 827 in
1884 790 2113 828 enuntiatum
2139 801 2262 827 secun·

184 851 325 888 darium
343 851 612 895 transferretur,
634 851 765 898 quippe
783 851 878 898 quod
896 852 1082 888 enuntiato
1100 852 1272 898 primario
1291 852 1368 888 arte
1386 862 1559 888 annexum
1587 853 1679 888 esset
1705 853 1847 899 eiusque
1873 852 2052 888 teneretur
2070 852 2261 898 potestate.

185 912 264 960 Qua
290 924 328 951 re
355 906 599 961 optativorum
625 912 724 950 notio
750 912 921 951 iterativa
949 912 1026 951 sola
1061 913 1321 951 sententiarum
1348 912 1600 961 primariamm
1627 913 1755 950 natura
1789 912 1959 950 contineri
1995 911 2168 949 censenda
2195 911 2264 948 erit

184 975 292 1023 atquo
318 974 491 1012 facillime
518 974 719 1020 intellectu,
747 985 810 1011 cur
835 985 905 1011 non
932 975 1135 1012 inveniatur
1153 976 1341 1022 assumpta
1359 975 1429 1011 nisi
1455 976 1595 1021 tempus
1615 975 1787 1011 antecedit
1815 975 2062 1021 imperfectum
2089 974 2145 1010 vel
2169 973 2264 1021 quod

185 1036 239 1073 est
265 1035 424 1073 eiusdem
450 1035 640 1073 vicarium.

307 1095 474 1134 Ceterum
501 1095 561 1133 hic
579 1096 795 1133 monendum
822 1107 898 1133 esse
924 1096 1076 1142 videtur,
1106 1097 1350 1145 Thucydidem
1377 1097 1473 1133 haud
1500 1097 1552 1133 ita
1579 1107 1658 1133 raro
1677 1097 1802 1133 horum
1820 1097 2062 1143 optativorum
2088 1096 2261 1132 inlocum

185 1160 258 1197 fere
293 1157 393 1195 nullo
429 1157 635 1195 discrimine
670 1158 910 1195 intercedente
936 1158 1169 1196 substituisse
1196 1158 1429 1204 indicativos‚
1464 1159 1517 1195 ita
1545 1160 1585 1195 ut
1611 1158 1715 1195 huius
1743 1158 1877 1205 generis
1904 1157 2076 1194 nonnulla
2102 1157 2263 1204 exempla

186 1230 377 1268 proponere
402 1219 558 1265 placeat,
596 1220 788 1266 antequam
815 1219 861 1256 ad
885 1219 984 1256 illius
1012 1220 1203 1267 digerenda
1230 1222 1465 1257 transeamus.
1520 1221 1548 1264 I,
1578 1221 1636 1263 93,
1666 1221 1698 1256 2.
1753 1221 1811 1263 98,
1840 1220 1874 1256 4.
1926 1219 1974 1263 ΙΙ,
2005 1219 2063 1262 67,
2092 1220 2126 1255 4.
2177 1217 2262 1258 τούς

184 1277 392 1330 ἐμπόρους,
428 1271 490 1321 οὓς
521 1271 652 1329 ἔλαβον
684 1275 881 1330 Ἀθηναίων
915 1280 978 1317 καὶ
1010 1279 1082 1317 τῶν
1124 1279 1347 1329 συμμάχων,
1380 1277 1659 1321 ἀποκτείναντες
1693 1280 1736 1317 cl.
1763 1280 1912 1317 ibidem:
1952 1277 2115 1324 πάντας,
2153 1273 2263 1318 ὅσους

185 1341 337 1391 λάβοιεν,
363 1342 576 1391 διέφθειρον
601 1343 636 1379 et
656 1343 724 1388 III,
747 1343 806 1387 81,
827 1343 869 1380 2:
896 1340 968 1379 τῶν
993 1340 1140 1390 ἐχθρῶν
1165 1341 1205 1378 εἴ
1220 1355 1303 1378 τινα
1328 1341 1481 1390 λάβοιεν,
1507 1338 1726 1378 ἀπέκτεινον.
1765 1342 1826 1387 IV,
1847 1343 1908 1383 34,
1932 1342 1962 1379 1.
2005 1342 2087 1386 128,
2107 1342 2141 1386 4,
2161 1339 2262 1377 alibi.

311 1402 487 1440 Similiter
514 1403 702 1441 enuntiata
730 1403 988 1441 condicionalia
1016 1413 1185 1450 persaepe
1218 1404 1339 1450 partes
1367 1402 1635 1439 enuntiatorum
1661 1403 1889 1440 relativorum
1917 1403 2159 1449 susceperunt.
2213 1401 2262 1445 ΙΙ,

186 1465 245 1510 49,
271 1465 302 1501 1.
346 1461 380 1499 εἶ
402 1464 449 1500 δέ
468 1476 522 1505 τις
547 1465 610 1500 καὶ
634 1468 854 1513 προέκαμνε,
880 1464 917 1505 ἐς
942 1461 1051 1500 τοῦτο
1069 1462 1199 1500 πάντα
1215 1459 1405 1512 ἀπεκρίθη
1441 1464 1485 1500 cl.
1510 1463 1557 1507 II,
1580 1464 1639 1508 51,
1663 1464 1702 1501 1:
1736 1458 1756 1499 ῧ
1781 1477 1815 1499 τι
1839 1464 1900 1499 καὶ
1924 1467 2068 1509 γένοιτο.
2093 1462 2130 1502 ἐς
2155 1459 2263 1497 τοῦτο

184 1522 362 1562 ἐτελεύτα.
415 1524 546 1572 quibus
573 1524 745 1574 adiunge:
787 1525 816 1571 I,
840 1526 897 1571 18,
926 1525 960 1562 3.
1006 1525 1067 1571 49,
1095 1525 1131 1561 4.
1177 1524 1225 1570 II,
1248 1525 1281 1569 5,
1303 1525 1337 1560 4.
1382 1525 1442 1569 49,
1472 1525 1505 1560 6.
1551 1525 1610 1569 49,
1642 1525 1673 1561 7.
1721 1526 1777 1569 75,
1807 1525 1840 1560 2.
1886 1524 1952 1568 ΙΙΙ,
1974 1525 2033 1567 21,
2058 1524 2089 1559 1.
2137 1523 2196 1566 82,
2228 1522 2261 1557 7.

186 1586 249 1632 IV,
270 1586 305 1632 4,
325 1586 360 1622 2.
408 1586 467 1630 69,
488 1587 523 1622 2.
568 1586 611 1631 V,
633 1587 692 1631 37,
714 1587 748 1623 2.
794 1587 856 1632 VI,
879 1587 937 1631 70,
961 1588 995 1624 3.
1041 1586 1123 1631 VH,
1146 1587 1204 1631 70,
1227 1587 1260 1623 8.
1309 1586 1367 1630 71,
1388 1588 1421 1622 3.
1472 1587 1529 1631 75,
1551 1587 1585 1621 4.
1633 1588 1689 1631 78,
1714 1588 1743 1622 1.
1791 1587 1848 1630 85,
1874 1588 1904 1622 1.
1948 1586 2048 1630 VIII,
2070 1585 2129 1628 65,
2152 1585 2174 1620 2
2194 1585 2262 1622 etc.

312 1647 380 1685 Sed
406 1646 480 1684 iam
507 1647 553 1684 ad
580 1647 769 1685 enuntiata
796 1648 950 1685 relativa
977 1648 1211 1685 revertamur.

311 1760 343 1786 a.
380 1749 711 1796 imperfectum.

310 1820 338 1865 I,
361 1820 420 1865 22,
442 1821 476 1857 3.
522 1819 648 1867 ἔλεγον,
675 1818 722 1863 ὦς
757 1820 937 1870 ἑκατέρων
969 1834 1023 1864 τις
1054 1819 1196 1862 εὐνοίας
1229 1813 1254 1872 ἦ
1278 1819 1425 1871 μνήμης
1451 1823 1536 1867 ἔχοι.
1589 1822 1615 1866 Ι,
1645 1823 1703 1867 50,
1735 1822 1765 1857 1.
1811 1819 1857 1856 τά
1892 1817 2016 1866 σκάφη
2049 1814 2118 1863 οὐχ
2147 1810 2264 1852 elixam

188 1878 431 1927 ἀναδούμενοι
456 1873 502 1922 ἃς
526 1880 785 1918 καταδύσειαν.
841 1884 900 1928 99,
928 1884 962 1920 3.
1019 1884 1102 1929 138,
1125 1884 1159 1920 3.
1206 1883 1255 1928 II,
1276 1883 1310 1927 4,
1335 1884 1366 1919 1.
1413 1884 1472 1927 51,
1497 1884 1528 1919 1.
1576 1884 1634 1927 67,
1655 1884 1689 1919 4.
1737 1883 1793 1927 79,
1815 1883 1847 1918 6.
1893 1882 1951 1925 84,
1972 1881 2006 1916 3.
2058 1879 2117 1922 97,
2149 1878 2171 1914 3
2199 1876 2261 1913 ubi

187 1943 253 1990 είη,
282 1941 376 1990 quod
402 1941 493 1979 mihi
519 1942 586 1980 hoc
603 1938 680 1981 lo'co
708 1944 921 1982 servandum
949 1955 1024 1982 esse
1042 1944 1194 1991 videtur,
1224 1944 1408 1993 optativus
1435 1945 1490 1981 est
1517 1944 1715 1989 iterativus,
1744 1944 1826 1992 quia
1852 1942 1986 1980 reditus
2014 1939 2121 1978 annui
2149 1937 2263 1987 signi-

188 2003 342 2041 ficantur
360 2013 470 2051 aeque
489 2015 531 2041 ac
549 2004 578 2050 Ι,
600 2005 659 2050 99,
680 2006 715 2042 3.
764 2007 847 2051 100,
868 2007 902 2043 5.
952 2007 1035 2052 100,
1056 2008 1087 2044 6.
1133 2007 1204 2047 ΙΙΙ,
1229 2007 1259 2051 1,
1285 2007 1315 2043 1.
1361 2007 1417 2050 12,
1442 2008 1473 2042 1.
1520 2008 1575 2050 16,
1601 2008 1631 2042 1.
1677 2007 1736 2050 82,
1758 2007 1792 2042 8.
1838 2005 1899 2048 IV,
1920 2005 1954 2049 4,
1974 2004 1996 2039 2
2017 2001 2115 2050 (bis).
2144 2002 2204 2044 26,
2226 2001 2259 2036 7.

190 2065 250 2110 32,
271 2065 307 2101 4.
352 2065 413 2109 33‘,
434 2065 468 2102 2.
515 2065 574 2111 55,
595 2066 630 2102 4.
683 2066 764 2111 127,
786 2067 807 2103 2
827 2066 924 2115 (bis).
979 2067 1022 2111 V,
1043 2068 1102 2112 56,
1124 2068 1158 2103 4.
1205 2067 1268 2113 VI,
1292 2068 1348 2112 15,
1370 2068 1403 2103 4.
1451 2068 1509 2112 69,
1533 2068 1564 2104 l.
1610 2068 1692 2113 VII,
1715 2068 1772 2111 70,
1795 2068 1826 2103 1.
1871 2065 1931 2102 ubi
1959 2064 2145 2102 Classenus
2172 2061 2262 2098 mihi

193 2125 337 2174 quidem
365 2126 460 2163 recte
495 2125 727 2176 παρεβοήθει
761 2128 985 2176 rescripsisse
1018 2128 1161 2166 videtur
1188 2139 1227 2166 ex
1255 2128 1417 2165 codicum
1445 2128 1665 2175 corruptelis.
1714 2129 1770 2173 70,
1791 2128 1825 2164 4.
1874 2127 1930 2171 70,
1951 2127 1985 2162 6.
2033 2124 2132 2168 VIII,
2157 2124 2214 2167 14,
2240 2123 2257 2158 1

191 2188 250 2232 66,
275 2188 307 2223 1.
354 2187 414 2231 93,
435 2189 469 2224 2.

311 2268 347 2306 b.
375 2269 681 2316 participium
709 2270 762 2307 ad
788 2265 1113 2319 imperfectum
1141 2271 1386 2308 adiectum.

311 2340 374 2384 IV,
393 2340 464 2388 ,26,
494 2341 528 2377 6.
573 2341 636 2376 καὶ
661 2339 790 2389 ἐσῆγον
815 2334 918 2377 ἄλλοι
942 2355 982 2377 τε
1008 2340 1379 2390 παρακινδυνεύοντες
1405 2342 1467 2377 καὶ
1490 2341 1651 2388 μάλιστα
1676 2341 1712 2377 οἷ
1736 2339 1900 2386 manag,
1936 2337 2154 2386 α’παίροντες
2181 2335 2261 2374 dno*

190 2398 256 2449 τῆς
281 2398 569 2449 Πελοποννήσου
593 2397 740 2436 ὁπόθεν
764 2398 914 2446 τύχοιεν.
969 2402 1017 2446 11,
1039 2403 1099 2447 52,
1120 2403 1155 2439 4.
1200 2403 1262 2447 lv,
1283 2403 1317 2447 4,
1339 2403 1373 2438 2.
1420 2403 1478 2446 54,
1500 2403 1533 2437 4.
1575 2402 1656 2446 vn,
1678 2402 1736 2445 29,
1758 2403 1781 2437 4
1800 2400 1896 2448 (bis).
1940 2402 1997 2436 76.
2036 2400 2137 2443 Vm,
2158 2400 2218 2442 68,
2242 2399 2260 2434 1

190 2458 382 2509 κράτιστος
407 2458 673 2510 ἐνθυμηθῆναι
697 2458 882 2508 γενόμενος
908 2463 970 2500 καὶ
996 2458 1023 2499 ἃ
1046 2466 1144 2512 γνοίη
1170 2461 1287 2500 εἰπεῖν
1305 2465 1340 2502 et
1359 2463 1465 2512 paulo
1484 2463 1592 2500 infra:
1623 2462 1681 2497 καὶ
1705 2462 1744 2498 ἐν
1768 2460 1873 2511 δήμῳ
1899 2460 2054 2497 πλεῖστα
2078 2453 2127 2500 εἷς
2153 2455 2262 2508 άνηρ,

190 2516 290 2562 ὅστις
317 2518 628 2568 ξυμβουλεύσαιτό
651 2534 699 2568 τι,
725 2520 925 2569 δυνάμενος
950 2520 1114 2571 ὠφελεῖν,
1147 2535 1216 2572 quo
1243 2525 1320 2562 loco
1355 2535 1571 2573 quamquam
1605 2525 1677 2560 tres
1705 2522 1831 2569 optimi
1858 2521 1992 2558 codices
2012 2521 2044 2557 A
2063 2521 2092 2556 B
2112 2521 2153 2556 M
2171 2512 2196 2553 ἃ
2215 2512 2262 2555 ἂν

190 2584 288 2630 γνοίη
315 2581 446 2627 ferunt,
474 2582 596 2619 tamen
622 2574 670 2618 ἄν
696 2583 875 2630 particula
903 2595 943 2622 ex
970 2595 1038 2622 usu
1066 2585 1295 2634 Thucydideo
1321 2586 1497 2624 reicienda
1525 2587 1589 2623 est.

317 2706 347 2731 c.
375 2694 685 2741 participium
720 2696 993 2735 absolutum
1027 2698 1294 2746 imperfecti
1321 2699 1419 2736 vice
1446 2698 1652 2745 fungens.

315 2765 344 2813 Ῑ,
373 2765 407 2812 5,
436 2764 470 2803 2·
524 2761 572 2808 ὦς
604 2756 688 2804 οὗτε
720 2754 769 2804 ὧν
801 2766 1059 2806 πυνθάνονται
1089 2765 1344 2813 άπαξωύντων
1377 2768 1419 2806 τό
1453 2769 1553 2817 ἔργον
1586 2761 1637 2808 οἷς
1670 2778 1709 2803 τε
1742 2765 1906 2814 ἐπιμελὲς
1942 2765 1996 2815 εἴη
2031 2763 2168 2802 εἰδέναι
2200 2762 2265 2801 οὐκ

191 2824 457 2871 ὀνειδιζόντων,
484 2837 553 2875 quo
580 2827 657 2864 loco
684 2839 727 2865 ne
754 2839 775 2865 a
802 2829 929 2875 prioris
957 2830 1098 2877 quidem
1125 2831 1276 2867 membri
1302 2831 1439 2867 ratione
1465 2830 1620 2865 alienum
1648 2840 1723 2865 esse
1750 2829 1952 2874 optativum
1983 2828 2020 2863 in
2048 2829 2171 2874 aperto
2198 2828 2263 2863 est.

314 2887 379 2933 IV,
400 2888 460 2933 34,
484 2889 515 2925 1.
561 2888 663 2934 VIII,
685 2890 745 2935 56,
765 2890 800 2927 4.
