2485 3102
1116 118 1387 156 r.-1·7--

1103 233 1144 265 A.
1171 228 1422 266 coniunctivae.

221 354 224 356 ,
335 312 389 360 Ut
413 323 524 360 supra
549 313 625 348 iam
651 312 819 356 vidimus,
847 312 917 349 duo
945 313 1030 349 sunt
1056 310 1365 348 coniunctivorum
1390 321 1531 359 genera,
1561 311 1715 350 alterum
1742 313 1835 362 quod
1862 314 2045 354 voluntati
2073 313 2131 353 vel
2158 323 2303 362 exspec-

198 371 359 421 >tuitioni,>
394 363 551 413 alterum
586 371 682 420 quod
715 372 767 410 rei
802 372 991 412 coniuncte
1024 371 1142 409 elatae
1176 370 1389 418 cogitationi
1427 372 1589 409 inservit.
1652 374 1845 422 Utriusque
1879 377 2019 422 generis
2055 376 2303 412 coniunctivos

189 428 439 486 'Thucydides
476 433 515 470 in
552 433 749 470 enuntiatis
787 428 1047 480 temporalibus
1084 430 1245 468 admisit.
1315 432 1409 469 Nam
1444 432 1471 476 Ι,
1508 434 1566 478 90,
1597 435 1631 476 3,
1667 435 1729 471 ubi
1766 435 1941 483 legimus:
1981 434 2114 472 ἑαυτόν
2139 435 2300 472 ἐκέλευει

210 493 454 534 ἀποστέλλειν
489 492 537 535 ὥς
571 492 731 540 τάχιστα
763 489 785 530 o‘
818 489 1069 542 Θεμιστοκλῆς
1100 491 1138 533 ἐς
1170 490 1238 541 τήν
1273 492 1553 540 Λακεδαιμονα,
1593 487 1722 562 duoet-
1748 496 1791 532 δὲ
1826 508 1920 545 προς
1956 494 2077 544 ἑαυτῷ
2112 494 2304 541 ἑλομενους

213 558 383 606 πρέσβεις
416 552 470 605 μή
504 551 620 596 εὐθύς
653 555 875 602 ἐκπέμπειν,
905 550 984 589 ἀλλ’
1020 554 1186 599 ἐπισχεῖν
1220 557 1328 600 μέχρι
1362 553 1556 599 τοσούτου,
1598 557 1663 596 ἕως
1689 549 1745 592 ἂν
1781 555 1824 593 τό
1860 559 1976 602 τεῖχος
2013 554 2137 593 ἱκανόν
2175 547 2304 606 ἔρωσι

214 617 322 655 facile
348 617 405 661 est
431 616 477 653 ad
504 615 796 663 intellegendum,
825 614 1105 652 Themistoclem
1131 614 1253 651 iubere
1278 614 1418 662 legatos
1444 626 1554 663 usque
1582 617 1626 653 ad
1653 617 1689 654 id
1707 618 1877 665 temporis
1897 618 2121 656 momentum
2141 613 2302 658 retineri,

215 688 285 727 quo
311 664 496 728 exspectat
522 675 597 715 fore
623 677 666 715 ut
692 685 879 714 murorum
906 673 1108 712 aedificatio
1135 673 1181 712 ad
1208 676 1343 711 certam
1371 675 1601 712 altitudinem
1628 680 1837 723 pervenerit.

337 737 466 775 Altera
491 749 533 775 ex
559 739 662 785 parte
688 738 738 782 II,
768 738 827 780 35,
847 737 890 773 2:
917 740 1024 783 μέχρι
1047 734 1156 772 τοῦδε
1180 732 1325 772 ἄνεκτοι
1349 735 1385 772 οἱ
1408 738 1556 773 &nami
1577 736 1644 774 εἰσι
1670 740 1754 787 περὶ
1780 738 1909 788 ἑτέρωι
1935 737 2082 786 λεγόμει
2084 752 2128 784 οι,
2155 737 2192 778 ἐς
2216 747 2305 773 οσον

213 791 263 837 ἂν
294 799 358 837 καὶ
392 795 505 840 αὐτός
541 798 698 839 ἕκαστος
733 796 855 846 οἴηται
889 794 1014 836 ἱκανός
1047 789 1140 833 εἶναι
1175 794 1319 845 δρᾶσαι
1348 809 1383 831 τι
1416 809 1465 832 ων
1490 810 1579 846 ηκοι
1581 809 1633 844 σε
1670 810 1730 845 per
1767 811 1802 836 se
1839 802 1938 846 patet
1975 799 2201 837 coniunctivo
2240 807 2305 833 nec

215 859 442 897 voluntatem
467 871 580 907 neque
606 858 907 905 exspectationem
933 857 1119 903 contineri,
1149 856 1209 894 sed
1228 857 1341 895 solam
1369 868 1448 896 eam
1476 858 1713 897 condicionem
1741 861 1956 909 cogitatione
1983 861 2082 909 fingi,
2111 871 2182 908 qua
2210 859 2306 896 actio

217 921 400 960 enuntiati
425 920 592 969 primarii
618 920 701 958 rata
727 918 806 957 fieri
833 919 963 967 potest.

339 982 609 1030 Nonnunquam
635 981 781 1029 quidem
807 981 968 1017 dubitari
994 981 1123 1027 potest,
1152 992 1308 1027 quanam
1336 983 1480 1019 notione
1507 984 1753 1021 coniunctivus
1773 984 1954 1031 praeditus
1975 984 2034 1029 sit,
2065 983 2125 1021 sed
2146 982 2305 1030 plerum-

217 1055 286 1093 que
320 1055 377 1082 res
410 1044 500 1082 satis
535 1044 644 1092 plana
678 1054 720 1081 ac
754 1042 943 1090 perspicua
979 1052 1056 1079 esse
1092 1040 1245 1080 videtur.
1310 1042 1438 1091 Itaque
1472 1054 1565 1082 nunc
1598 1044 1670 1082 iam
1706 1055 1794 1092 quae
1829 1045 2104 1093 exspectationis
2141 1046 2177 1081 et
2213 1054 2305 1090 quae

218 1104 453 1154 cogitationis
480 1104 728 1141 coniunctivos
755 1104 894 1140 exibere
921 1103 1082 1150 exempla
1109 1104 1212 1139 nobis
1240 1105 1494 1150 persuasimus,
1523 1105 1662 1153 digesta
1689 1106 1890 1144 afferamus.

519 1215 543 1252 Ι.
577 1214 820 1252 coniunctivae
846 1214 902 1251 eei
930 1214 970 1260 is,
999 1214 1057 1260 qui
1084 1214 1225 1251 futurae
1253 1214 1303 1252 rei
1331 1216 1582 1262 exspectationi
1610 1217 1827 1255 denotandae
1855 1218 2005 1255 inservit.

345 1297 448 1344 Quod
482 1296 791 1335 coniunctivorum
826 1306 939 1344 genus
966 1296 1002 1332 in
1029 1295 1074 1332 iis
1101 1297 1246 1334 tantum
1273 1297 1471 1335 enuntiatis
1499 1300 1596 1336 certa
1624 1299 1775 1347 vestigia
1809 1299 1995 1347 reliquisse
2031 1298 2183 1343 videtur,
2213 1307 2304 1345 quae

222 1359 411 1407 particulis
438 1358 503 1400 ἔως
531 1359 567 1396 et
592 1362 699 1406 μέχρι
724 1358 781 1395 vel
806 1362 914 1406 μέχρι
938 1345 983 1395 οἷν
1009 1357 1285 1395 introducuntur
1312 1359 1489 1404 notione,
1495 1359 1747 1405 ,donec—bis“
1775 1360 1874 1397 finali
1901 1361 2048 1397 indutis.

1053 1442 1084 1480 l.
1110 1449 1217 1494 μέχρι
1243 1445 1300 1482 vel
1324 1450 1432 1495 μέχρι
1456 1435 1511 1485 οὗ.

946 1525 980 1553 a.
1017 1515 1288 1562 particula
1324 1510 1381 1555 ἄν
1419 1517 1582 1555 deest.

347 1599 382 1622 α.
409 1585 573 1631 tempora
600 1583 815 1620 antecedunt
845 1582 1069 1621 secundaria.

347 1655 568 1694 praesens
605 1644 898 1682 historicum.
965 1644 1039 1690 III,
1080 1645 1145 1690 28,
1178 1645 1212 1682 2.
1267 1644 1399 1693 Πάχης
1438 1643 1689 1697 δίἰναστήσας
1728 1645 1860 1714 αιῖτούς
1898 1642 1992 1683 ω’στε
2028 1645 2081 1695 μῆ
2120 1643 2309 1696 ἀδικῆσαι,

187 1758 191 1763 ἡ
223 1708 470 1743 κατατίθεται
502 1706 539 1747 ἐς
576 1706 730 1742 Τένεδον
762 1711 869 1755 μέχρι
901 1697 944 1744 οὗ
976 1708 1051 1746 τοῖς
1085 1702 1284 1753 Αθηναίοις
1317 1721 1352 1743 τι
1384 1705 1485 1755 δόξῃ.

346 1767 561 1804 aoristus.
590 1766 653 1835 IvV'
674 1767 734 1812 41,
758 1769 791 1805 1.
826 1770 1079 1814 κομισθέντων
1105 1767 1152 1804 δέ
1171 1764 1245 1804 τῶν
1269 1764 1413 1816 ἀνδρῶν
1438 1766 1474 1804 οἱ
1498 1765 1678 1818 Ἀθηναῖοι
1694 1767 1908 1817 ἐβούλευσαν
1927 1769 2072 1816 decima}
2090 1772 2156 1816 μὲν
2175 1766 2311 1808 αὐτούς

225 1827 430 1877 φυλάσσειν
446 1831 554 1877 μέχρι
571 1841 614 1865 ου
634 1840 669 1864 τι
686 1826 857 1876 ξυμβῶσι.
893 1827 955 1874 IV,
977 1827 1037 1874 46,
1059 1828 1093 1865 3.

347 1891 380 1936 β.
407 1889 523 1928 oratio
550 1890 605 1927 est
632 1889 791 1937 obliqua.

349 1950 379 1997 I,
413 1951 495 1997 137,
517 1952 551 1987 2.
591 1963 661 1999 την
694 1951 737 1986 δὲ
761 1948 971 1999 ἀσφάλειαν
1003 1950 1107 1999 (ἔφη)
1140 1946 1232 1987 εἶναι
1264 1951 1409 2000 μηδένα
1442 1949 1590 2000 ἐκβῆναι
1615 1951 1655 1987 ἐκ
1679 1949 1744 2000 τῆς
1768 1951 1854 1992 νεώς
1878 1955 1982 1999 μέχρι
2011 1950 2125 1993 πλοῦς
2150 1956 2309 2000 γένηται.

227 2012 357 2062 quibus
385 2011 475 2051 adde
501 2012 540 2051 in
566 2011 717 2051 foederis
743 2013 973 2050 monumento
1001 2012 1064 2058 IV,
1097 2012 1154 2058 16,
1175 2013 1210 2049 2.

349 2074 617 2120 Herwerdenus,
646 2075 709 2122 qui
734 2076 854 2112 totam
880 2074 1100 2123 Thucydidis
1126 2074 1292 2122 loquendi
1327 2074 1502 2112 rationem
1528 2074 1573 2112 ad
1601 2084 1739 2112 severas
1760 2074 1842 2112 illas
1860 2074 1966 2122 leges,
1996 2085 2084 2122 quas
2103 2074 2309 2112 recentioris

227 2135 371 2173 demum
398 2134 545 2174 Atticae
571 2135 739 2173 dictionis
766 2135 929 2183 proprias
956 2145 1032 2172 esse
1058 2136 1134 2172 iam
1160 2146 1269 2182 supra
1295 2136 1510 2181 monuimus,
1540 2138 1751 2183 restringere
1777 2137 1907 2180 studet,
1937 2138 2081 2173 auctore
2109 2139 2150 2174 ut
2170 2137 2311 2173 videtur

228 2195 452 2236 Schneidero.
470 2194 498 2245 1)
560 2197 590 2243 I,
622 2197 704 2242 137,
729 2198 752 2233 2
790 2197 1008 2244 particulam
1046 2190 1093 2233 ἄν
1130 2197 1355 2234 inserendam
1393 2208 1468 2234 esse
1505 2198 1622 2244 putat.
1641 2193 1671 2244 2)
1724 2196 1791 2234 Sed
1828 2208 1890 2234 cur
1926 2196 2019 2234 idem
2057 2197 2184 2234 ceteris
2221 2197 2312 2233 locis

228 2258 415 2296 omnibus:
450 2258 519 2304 III,
550 2259 611 2304 28,
632 2259 668 2296 2.
709 2258 776 2305 IV,
806 2259 866 2304 41,
889 2259 922 2295 1.
967 2259 1028 2304 46,
1049 2259 1072 2295 3
1107 2260 1141 2296 et
1170 2258 1234 2300 IV,
1265 2259 1322 2304 16,
1345 2260 1366 2295 2
1403 2259 1439 2295 in
1475 2258 1623 2295 foederis
1657 2259 1885 2295 monumento
1921 2258 2030 2294 nudos
2067 2258 2313 2295 coniunctivos

228 2319 427 2361 admiserit,
466 2319 630 2367 equidem
664 2331 735 2357 non
770 2320 873 2357 video
909 2331 1068 2366 causam,
1105 2322 1136 2358 si
1163 2321 1307 2357 omnino
1334 2321 1474 2357 ratione
1501 2332 1542 2357 ac
1570 2321 1687 2357 causis
1715 2320 1951 2357 demonstrari
1978 2321 2105 2367 potest,
2144 2319 2207 2356 1110
2235 2319 2314 2356 1060

226 2373 275 2418 ἄν
301 2380 518 2428 particulam
555 2380 754 2420 addendam
789 2392 875 2426 esse,
912 2392 1130 2430 quamquam
1165 2393 1207 2419 116
1242 2381 1392 2419 minima
1427 2381 1569 2429 quidem
1604 2382 1679 2418 eius
1707 2382 1859 2432 vestigia
1886 2382 1923 2417 111
1950 2381 2129 2418 codicibus
2157 2381 2313 2424 exstant,

176 2444 180 2446 ’
228 2442 265 2478 et
298 2441 356 2479 his
391 2441 490 2488 locis,
530 2441 591 2489 qui
629 2442 751 2480 eodem
789 2443 826 2479 in
864 2444 965 2480 statu
1000 2444 1097 2484 sunt,
1125 2436 1173 2479 ἄν
1207 2443 1317 2479 inseri
1351 2454 1420 2479 non
1447 2443 1563 2479 licere.
1617 2443 1742 2487 Immo,
1772 2443 1916 2479 retineri
1943 2443 2082 2489 oportet
2109 2442 2173 2479 hos
2200 2441 2315 2478 nudos

228 2502 475 2541 coniunctivos
489 2499 520 2552 ⁸)
556 2503 724 2542 similiter
757 2505 865 2553 atque
899 2504 938 2541 in
972 2503 1154 2542 foederum
1189 2503 1431 2542 monumentis
1465 2503 1622 2541 eiusdem
1657 2504 1787 2540 aetatis
1823 2504 1859 2540 et
1886 2503 1972 2539 nudi
2000 2504 2035 2539 et
2061 2497 2108 2539 ἅτ
2134 2502 2317 2549 particula

228 2563 397 2602 instructi
437 2564 658 2603 coniunctivi
694 2566 895 2613 promiscue
934 2566 1161 2603 adhibentur.
1215 2565 1324 2603 Haud
1362 2566 1474 2612 igitur
1511 2565 1642 2601 recedit
1680 2565 1921 2612 Thucydides,
1960 2564 1997 2601 id
2035 2564 2130 2611 quod
2167 2565 2241 2602 iam
2280 2564 2317 2600 in

229 2626 428 2663 enuntiatis
463 2626 626 2664 relativis
661 2627 828 2674 vidimus,
866 2628 913 2664 ab
941 2639 982 2665 ea
1010 2628 1150 2665 dicendi
1177 2627 1326 2673 ratione,
1355 2637 1445 2674 quae
1472 2637 1493 2663 a
1520 2625 1719 2663 carminum
1747 2625 2018 2663 Homericorum
2048 2625 2270 2673 temporibus
2287 2623 2317 2674 4)

353 2735 384 2777 1)
407 2735 446 2768 cf.
469 2736 510 2768 ad
530 2736 627 2770 Arist.
650 2737 723 2771 hist.
747 2740 814 2770 nat.
837 2738 889 2776 IV,
913 2737 982 2771 169.

352 2788 385 2828 2)
407 2788 447 2820 61.
468 2788 558 2821 Stud.
579 2799 644 2830 pag
667 2788 736 2821 138.

352 2838 385 2879 3)
408 2839 448 2871 cf.
470 2840 567 2871 etiam
588 2840 691 2872 Stahl.
715 2842 835 2880 quaest.
859 2850 958 2881 gram.
983 2840 1032 2872 11.

353 2890 385 2933 4)
407 2890 447 2923 61.
469 2890 576 2925 Delbr.
597 2901 671 2933 pag.
693 2890 734 2922 85
756 2893 789 2924 et
811 2891 872 2923 152
893 2901 939 2935 sq.
