2485 3102
627 308 1779 415 THUOYDIDEA

1123 474 1309 507 SCRIPSIT

966 561 1086 613 PR.
1132 559 1461 615 KIESER.

288 787 466 864 Linguae
491 815 648 854 Graecae
685 816 782 865 leges
819 816 1041 865 syntecticae
1077 817 1121 853 ut
1157 817 1253 854 recte
1289 816 1571 864 cognoscantur,
1612 825 1682 852 non
1720 824 1761 851 ex
1794 814 1954 851 omnium
1990 814 2066 851 eius
2094 815 2257 851 aetatum

168 875 353 922 idiomatis
374 876 498 926 (161166
524 877 701 925 quaedam
728 879 838 928 atque
863 878 1030 916 omnibus
1058 878 1294 926 scriptoribus
1321 887 1525 915 communes
1562 875 1708 926 regulae
1745 875 2018 913 constituendae
2053 877 2158 921 sunt,
2195 876 2257 913 sed

168 936 352 979 distinctis
376 948 442 984 pro
468 939 671 985 temporum
695 940 806 987 atque
833 939 1021 977 hominum
1055 940 1196 977 ratione
1223 940 1331 986 atque
1358 939 1501 987 ingenio
1528 937 1700 985 exemplis
1727 947 1794 974 sua
1822 936 1949 984 cuique
1976 937 2090 975 aetati
2117 937 2254 975 indoles

169 996 360 1037 tribuenda
396 999 462 1037 est.
516 998 615 1047 Quae
650 1000 745 1040 ratio
783 1001 852 1040 etsi
891 1000 1058 1043 omnibus
1096 999 1184 1038 viris
1221 999 1337 1038 doctis
1374 999 1527 1047 probata
1564 1009 1640 1036 esse
1681 997 1842 1043 videtur,
1882 998 2005 1035 tamen
2031 998 2255 1046 singulorum

164 1053 381 1107 scriptorum
407 1060 445 1096 in
471 1060 626 1108 singulis
652 1063 758 1098 rebus
785 1062 952 1109 loquendi
979 1073 1067 1099 usus
1093 1063 1148 1098 ita
1174 1061 1292 1098 adhuc
1319 1061 1510 1107 diligenter
1544 1060 1755 1096 observatus
1789 1070 1857 1096 non
1891 1061 1962 1103 est,
1999 1061 2058 1103 ut,
2096 1060 2190 1106 quod
2217 1061 2255 1096 in

102 1139 105 1141 >
167 1109 342 1167 iudicium
376 1131 562 1167 vocemus,
603 1121 694 1160 nihil
728 1122 803 1161 iam
829 1123 878 1161 sit
903 1122 1095 1172 reliquum.
1147 1121 1269 1172 Atque
1296 1120 1407 1160 etiam
1434 1118 1656 1170 Thucydidis
1683 1118 1824 1158 dicendi
1851 1119 2070 1157 consuetudo
2098 1119 2169 1158 huc
2197 1131 2254 1158 re-

165 1180 310 1218 ferenda
335 1191 414 1219 esse
440 1181 594 1219 videtur.
648 1183 876 1231 Quamquam
911 1184 1004 1221 enim
1038 1195 1100 1231 per
1135 1184 1199 1220 hos
1235 1194 1348 1220 annos
1375 1183 1411 1219 in
1439 1193 1543 1229 opere
1570 1182 1646 1218 eius
1674 1181 1891 1218 emendando
1919 1183 1955 1218 et
1982 1182 2250 1228 interpretando

166 1252 187 1278 a
214 1239 302 1280 viris
337 1240 455 1282 doctis
489 1241 625 1289 multa,
661 1254 752 1292 quae
789 1243 923 1292 partim
957 1243 995 1282 111
1029 1243 1248 1282 editionibus
1275 1242 1433 1281 breviter
1467 1241 1655 1287 denotata,
1690 1241 1824 1289 partim
1859 1241 1896 1279 in
1931 1241 2086 1290 singulis
2119 1242 2253 1280 libellis

165 1301 283 1354 fusius
319 1303 480 1354 tractata
514 1303 763 1351 inveniuntur,
790 1305 934 1352 prolata
961 1306 1056 1352 sunt,
1085 1306 1218 1346 tamen,
1247 1306 1289 1341 ut
1316 1315 1429 1342 unum
1447 1308 1732 1349 commemorem,
1760 1304 1947 1341 modorum
1974 1303 2144 1348 delectus,
2172 1304 2253 1351 quis

163 1363 214 1402 sit
240 1364 511 1414 Thucydidens,
541 1366 631 1405 satis
659 1366 777 1405 adhuc
803 1366 1044 1416 investigatus
1070 1378 1141 1406 non
1167 1368 1233 1405 est.
1288 1367 1382 1412 Nec,
1412 1377 1475 1403 cur
1502 1366 1555 1404 ita
1582 1364 1720 1403 factum
1748 1365 1808 1412 sit,
1837 1365 1925 1403 adeo
1952 1365 2098 1403 difficile
2124 1366 2179 1403 est
2207 1365 2252 1403 ad

163 1425 458 1475 cognoscendum.
511 1426 712 1466 Videbatur
738 1428 834 1466 enim
860 1428 1049 1467 modorum
1076 1428 1234 1467 delectus
1261 1429 1297 1467 et
1324 1428 1477 1466 aliorum
1505 1427 1723 1475 scriptorum
1750 1428 1787 1465 et
1814 1426 2034 1476 Thucydidis
2061 1427 2148 1465 adeo
2177 1438 2253 1465 esse

162 1486 388 1535 perspicuae,
426 1489 468 1526 ut
495 1487 604 1527 multi
630 1489 700 1526 viri
726 1489 823 1528 docti
850 1490 992 1539 tempus
1020 1491 1127 1539 atque
1160 1490 1278 1528 oleum
1313 1501 1350 1527 se
1384 1489 1585 1537 perdituros
1611 1500 1688 1526 esse
1722 1488 1990 1535 existimarent,
2029 1500 2249 1538 quamquam

161 1547 268 1596 longe
301 1548 462 1595 abesset,
498 1550 585 1598 quin
619 1552 714 1589 recte
748 1552 869 1590 01111116
903 1552 1163 1602 intellegerent.

284 1609 419 1646 Verum
446 1610 540 1646 enim
568 1620 662 1656 vero,
690 1613 883 1658 postquam
910 1613 1169 1649 Delbrueckius
1186 1610 1215 1659 l)
1254 1623 1385 1659 magno
1412 1612 1547 1660 ingenii
1582 1612 1746 1648 acumine
1780 1611 1818 1647 in
1845 1612 2033 1648 modorum
2060 1623 2166 1648 usum
2194 1614 2250 1648 in—

161 1669 313 1717 quisivit
338 1670 590 1717 Homericum,
628 1672 914 1712 luculentissime
945 1673 1263 1712 demonstrabatur
1298 1672 1485 1711 modorum
1520 1674 1555 1711 et
1590 1672 1664 1710 vim
1698 1672 1910 1720 primariam
1948 1673 1984 1711 et
2011 1684 2098 1711 usus
2127 1673 2247 1711 varias

160 1729 424 1769 vicissitudines
452 1732 707 1771 examinandas
740 1733 822 1782 plus
849 1744 959 1783 quam
985 1745 1052 1782 par
1077 1735 1156 1773 erat
1182 1734 1364 1783 neglectas
1391 1734 1513 1771 fuisse.
1568 1734 1644 1770 Nec
1671 1735 1751 1771 111111
1778 1734 1847 1771 viri
1874 1734 1971 1771 docti
1998 1734 2156 1775 deerant,
2185 1736 2247 1783 qui

161 1791 226 1827 alii
252 1792 344 1828 alios
370 1793 560 1839 scriptores
587 1794 659 1831 sibi
685 1795 859 1842 eligerent
884 1796 1171 1842 perscrutandos.
1224 1795 1294 1833 Sed
1319 1795 1425 1841 pauci
1452 1795 1569 1840 adhuc
1595 1795 1632 1831 111
1651 1795 1871 1842 Thucydidis
1891 1796 2077 1833 modorum
2105 1796 2244 1833 delectu

158 1850 407 1899 perlustrando
438 1852 730 1894 elaboraverunt:
766 1865 850 1894 nam
875 1856 1015 1905 praeter
1040 1855 1083 1895 P.
1107 1855 1369 1895 Widmannum
1384 1852 1426 1903 ²),
1456 1854 1500 1894 G.
1521 1854 1556 1893 S.
1575 1854 1817 1894 Jacobsonum
1833 1851 1874 1903 ⁸),
1903 1855 1951 1893 Η.
1972 1855 2193 1905 Wagnerum
2209 1853 2240 1903 ⁴)

159 1924 273 1959 nemo,
302 1916 479 1961 quantum
505 1917 591 1960 scio,
619 1916 807 1956 modorum
833 1917 915 1954 usui
941 1919 1082 1965 proprie
1108 1918 1338 1965 Thucydideo
1364 1918 1580 1955 enucleando
1608 1928 1752 1964 operam
1779 1918 1938 1954 navavit.

282 1974 361 2023 Qus
387 1986 425 2014 re
450 1976 542 2016 1111111
568 1976 676 2016 liceat
701 1977 830 2017 horum
857 1977 1015 2017 virorum
1042 1978 1175 2018 studiis
1201 1990 1314 2028 parva
1339 1989 1420 2017 mea
1447 1977 1650 2027 adiungere,
1679 1977 1715 2016 111
1743 1977 1873 2027 quibus
1900 1977 1991 2016 mihi
2018 1978 2242 2026 propositum

159 2037 225 2081 est,
253 2037 430 2084 quomodo
449 2038 676 2087 Thucydides
703 2039 740 2076 in
766 2040 965 2077 enuntiatis
990 2040 1155 2078 relativis
1181 2041 1218 2077 61
1244 2040 1504 2087 temporalibus
1532 2040 1801 2077 coniunctivum
1827 2040 1864 2076 et
1890 2040 2095 2086 optativum
2121 2040 2244 2077 modos

159 2096 366 2136 adhibuerit
392 2099 501 2148 atque
526 2099 685 2150 elegerit,
714 2101 917 2140 accuratius
945 2101 1133 2150 inquirere.
1187 2101 1290 2149 Quod
1317 2101 1407 2139 mihi
1435 2101 1489 2138 ita
1515 2100 1636 2138 videor
1662 2100 1731 2138 rite
1759 2100 1953 2146 absolvere,
1982 2101 2025 2138 ut
2048 2112 2119 2138 11011
2137 2101 2241 2139 1110ᾱο

159 2168 238 2195 eam
265 2159 440 2197 rationem
467 2161 504 2198 in
531 2161 705 2199 iudicium
731 2163 924 2199 vocaturus
951 2163 1030 2207 sim,
1070 2174 1141 2210 qua
1168 2162 1392 2209 Thucydides
1420 2162 1477 2198 his
1512 2162 1628 2198 modis
1656 2173 1741 2199 usus
1769 2162 1829 2207 sit,
1868 2172 1992 2199 verum
2021 2163 2133 2199 etiam
2160 2151 2240 2199 1116-

158 2218 251 2258 viter
277 2230 356 2258 eam
384 2221 577 2271 attingam,
606 2234 678 2272 qus
704 2223 800 2271 ipsos
827 2223 973 2263 evitarit
999 2223 1113 2272 iisque
1140 2223 1283 2262 omissis
1311 2222 1375 2261 illa
1402 2222 1647 2261 conformarit.

1067 2327 1256 2388 caput
1290 2329 1332 2376 Ι.

651 2405 700 2444 De
726 2405 902 2445 modorum
928 2406 960 2444 vl
988 2405 1190 2455 primigenia
1215 2405 1251 2444 61
1277 2414 1378 2453 quam
1404 2405 1528 2443 vocent
1541 2404 1745 2442 deductiva.

279 2476 466 2515 Medorum
495 2478 549 2515 vis
576 2489 667 2526 quae
693 2479 803 2517 fuerit
826 2480 1002 2526 ,primaria
1029 2490 1188 2528 quaeque
1214 2479 1391 2526 paulatim
1418 2478 1574 2514 evenerit
1602 2478 1828 2522 secundaria,
1865 2478 1981 2515 adhuc
2017 2479 2083 2515 sub
2120 2480 2239 2517 iudice

155 2534 294 2583 lisest.
350 2537 473 2587 Neque
499 2547 566 2587 ego
592 2549 713 2577 meum
740 2550 817 2577 esse
843 2541 930 2587 puto
957 2539 1088 2586 omnia,
1123 2550 1214 2588 quae
1249 2539 1317 2576 viri
1351 2538 1447 2576 docti
1482 2537 1679 2575 multorum
1718 2538 1944 2576 saeculorum
1972 2539 2015 2576 de
2042 2540 2112 2577 hac
2138 2551 2176 2577 re
2203 2542 2239 2578 et

280 2656 311 2696 1)
332 2657 550 2697 Syntaotische
570 2659 792 2700 Forschungen
813 2661 874 2691 vol.
896 2660 921 2697 I,
944 2660 1037 2692 Helle
1058 2658 1148 2691 1871.

277 2707 310 2748 Β)
332 2707 371 2740 de
390 2709 533 2742 finalium
553 2711 788 2743 enuntiatorum
809 2720 867 2743 usu
887 2710 1085 2752 Thucydideo
1106 2710 1178 2742 diss.
1200 2709 1343 2749 Gotting.
1368 2707 1456 2740 1875.

275 2758 371 2799 ³)AE
390 2769 450 2793 m
469 2762 549 2794 66111.
567 2761 624 2794 fin.
645 2761 786 2803 Thucyd.
807 2762 1027 2795 commentatio
1048 2761 1224 2794 academica
1245 2761 1319 2800 Ups.
1342 2759 1431 2791 1877.

277 2809 310 2850 4)
331 2811 370 2845 de
390 2821 448 2844 unu
468 2813 550 2853 part.
571 2815 651 2855 πρίν
671 2812 767 2846 Thuc.
789 2815 822 2846 et
843 2812 981 2855 Xenoph.
1003 2813 1074 2845 diss.
1096 2812 1215 2845 81161111.
1245 2810 1333 2849 1879,
1364 2811 1403 2843 cf.
1426 2811 1538 2844 etism:
1572 2812 1722 2852 Beitriige
1745 2821 1798 2843 zur
1820 2812 1893 2844 hist.
1916 2813 2035 2853 Syntax
2057 2813 2086 2845 d.
2109 2813 2232 2846 Griech.

154 2861 290 2902 Spnche
311 2863 358 2896 ed.
381 2864 510 2902 scham,
532 2865 548 2896 I
569 2864 625 2897 Nr.
647 2864 677 2897 3.
