2485 3102
1145 114 1383 156 -2'5—

961 447 1307 497 Adversaris,
1343 448 1559 498 critica.

343 656 547 705 Perlegenti
581 655 672 694 mihi
708 653 929 703 Thucydidis
964 663 1070 702 opera
1105 651 1202 690 ultro
1238 663 1274 690 se
1307 652 1425 690 multa
1452 653 1667 702 obtulerunt,
1705 668 1794 705 quae
1822 659 2029 696 correctoris
2057 670 2167 695 manu
2195 669 2298 707 egere

220 717 444 763 viderentur3
479 718 603 766 itaque
637 716 735 754 haud
770 716 815 753 ab
851 725 889 753 re
923 725 999 752 esse
1034 714 1129 760 duxi,
1165 715 1339 751 nonnulla
1373 726 1504 761 eorum,
1541 727 1630 763 quae
1657 719 1808 764 primum
1837 720 1986 757 collecta
2013 724 2092 757 tum
2121 722 2298 758 meditata

219 780 399 825 haberem,
427 779 563 827 publici
590 779 681 816 iuris
707 778 822 816 facere
849 779 885 814 et
911 776 1081 815 benevolo
1111 776 1269 813 virorum
1296 776 1484 813 doctorum
1511 777 1641 816 iudicio
1669 782 1901 819 committere.

344 1026 373 1072 Ι,
398 1027 481 1072 139,
504 1027 539 1063 3.

342 1088 422 1126 Hoc
444 1088 522 1125 loco
541 1098 662 1125 omnes
681 1086 833 1124 editores
853 1086 1121 1124 coniunctivum
1139 1081 1271 1133 ἀφῆτε,
1300 1084 1362 1132 qui
1381 1085 1598 1133 optimorum
1617 1087 1775 1125 codicum
1802 1089 1850 1136 (A
1869 1089 1899 1126 B
1918 1088 1962 1136 F)
1989 1089 2058 1126 fide
2085 1089 2297 1135 defenditur,

220 1150 259 1187 in
284 1150 490 1198 optativum
517 1146 646 1197 α’φεῖτε
671 1148 885 1186 mutandum
914 1158 991 1185 esse
1016 1147 1246 1194 putaverunt,
1276 1157 1417 1184 severae
1443 1147 1498 1184 illi
1525 1148 1606 1195 legi,
1636 1160 1675 1185 ex
1702 1161 1771 1197 qua
1798 1150 1892 1197 apud
1918 1151 2162 1188 nobilissimos
2190 1153 2298 1199 atque

220 1211 553 1260 praestantissimos
581 1210 721 1249 solutae
748 1209 920 1248 orationis
948 1209 1139 1257 scriptores
1166 1208 1415 1247 coniunctivus
1443 1220 1523 1247 cum
1549 1208 1590 1256 εἶ,
1628 1211 1759 1249 omissa
1785 1204 1832 1248 ἄν
1858 1212 2046 1259 particula,
2075 1213 2300 1251 consociatus

222 1273 415 1322 respuitur,
442 1273 486 1310 ut
512 1271 656 1309 videtur
681 1270 791 1308 nimis
818 1270 996 1308 adstricti.
1041 1270 1180 1317 Itaque,
1210 1270 1297 1318 quid
1323 1280 1387 1316 ego
1415 1271 1482 1307 hac
1509 1271 1551 1307 de
1577 1282 1614 1307 re
1641 1283 1810 1317 censeam,
1839 1275 1961 1319 paucis
1988 1274 2095 1310 liceat
2114 1285 2295 1321 exponere.

222 1335 277 1371 Ac
312 1336 471 1382 primum
507 1334 650 1381 quidem
687 1334 782 1370 hunc
819 1333 1065 1370 coniuntivum
1103 1332 1277 1379 pedestris
1314 1333 1486 1369 orationis
1523 1334 1703 1380 proprium
1739 1346 1813 1372 esse
1850 1336 1885 1372 et
1920 1346 2031 1382 neque
2068 1336 2113 1372 ab
2150 1336 2298 1373 Homeri

221 1394 361 1432 dicendi
393 1406 491 1433 more
524 1405 636 1443 neque
664 1406 685 1431 a
710 1394 904 1443 lyricorum
933 1395 997 1431 aut
1023 1393 1244 1441 tragicorum
1279 1394 1465 1439 poetarum
1492 1393 1655 1441 loquendi
1682 1406 1747 1431 usu
1776 1395 1978 1439 abhorrere,
2008 1396 2098 1432 satis
2126 1406 2300 1443 superque

222 1456 349 1495 notum
375 1457 442 1494 est.
485 1456 530 1494 cf.
550 1455 808 1494 Delbruekius:
830 1454 1084 1504 Syntaktische
1102 1454 1356 1502 Forschungen
1375 1466 1408 1501 p.
1434 1455 1463 1500 Ι,
1481 1456 1529 1491 84
1548 1467 1611 1503 sq„
1646 1456 1787 1502 17ll72,
1819 1458 1963 1502 175177,
1991 1458 2054 1493 ubi
2072 1457 2298 1504 amplissima

222 1518 398 1556 eiusmodi
431 1518 672 1566 exemplorum
709 1517 982 1556 Homericorum
1017 1517 1134 1554 exstat
1169 1516 1349 1562 collectio,
1387 1516 1516 1564 quibus
1551 1528 1614 1565 ego
1647 1519 1732 1555 haec
1767 1518 1880 1556 adicio
1916 1519 2058 1556 aliunde
2085 1519 2295 1566 desumpta:

223 1578 405 1619 Callinus:
440 1579 571 1630 fragm.
611 1581 644 1623 1,
672 1591 706 1618 V.
746 1580 872 1625 12f13:
910 1575 954 1615 οὗ
993 1576 1062 1627 γάρ
1087 1589 1157 1618 κως
1182 1575 1352 1614 θάνατόν
1375 1592 1413 1626 γε
1451 1580 1574 1625 φυγεῖν
1608 1578 1822 1628 εἱμαρμέιόν
1858 1579 1958 1615 ἐστὶν
2003 1573 2119 1628 ἄνδρ’,
2156 1576 2234 1616 οὐδ’
2270 1577 2304 1615 εἰ

223 1640 409 1690 προγόνων
434 1632 458 1691 ᾗ
482 1646 582 1688 γένος
607 1640 822 1678 ἀθανάτων.
866 1641 1061 1688 Tyrtaeus:
1089 1640 1219 1686 fragm.
1251 1641 1308 1685 12,
1336 1652 1370 1676 v.
1400 1641 1449 1676 34
1475 1652 1527 1687 sq.
1573 1640 1698 1677 Solon:
1726 1642 1852 1688 fragm.
1882 1644 1915 1687 4,
1943 1654 1976 1679 v.
2001 1643 2060 1685 30,
2089 1641 2196 1678 multi
2225 1642 2301 1679 alii.

224 1701 331 1751 Soph.
359 1702 417 1741 Αἰ.
446 1703 532 1741 496.
586 1702 673 1741 Oed.
703 1702 789 1741 Rex.
821 1702 903 1740 198.
954 1700 1039 1739 Oed.
1068 1699 1144 1739 Col.
1177 1700 1285 1747 1444,
1314 1701 1388 1739 alii.

345 1773 397 1812 At
423 1774 518 1811 hunc
552 1785 660 1812 usum
686 1774 801 1822 poetis
844 1783 1048 1810 concessum
1075 1773 1166 1809 nihil
1194 1773 1312 1810 valere
1345 1774 1390 1810 ad
1418 1774 1634 1822 Thucydidis
1670 1775 1851 1821 scriptoris
1884 1775 2021 1812 dicendi
2048 1776 2235 1819 rationem,
2264 1775 2296 1810 si

224 1836 304 1884 quis
340 1838 465 1873 contra
499 1836 608 1880 dicat,
644 1837 732 1873 bene
759 1835 867 1873 velim
894 1835 1106 1881 meminerit,
1146 1835 1296 1873 eundem
1324 1835 1577 1884 Thucydidem,
1607 1837 1647 1874 ut
1674 1847 1776 1883 saepe
1804 1837 1890 1874 alibi
1919 1837 2118 1885 antiquiore
2144 1836 2300 1885 quodam

225 1898 261 1935 et
288 1908 310 1934 a
337 1898 526 1944 poetarum
563 1897 747 1933 idiomatis
779 1896 877 1932 haud
913 1896 1030 1932 alieno
1068 1895 1233 1943 loquendi
1271 1907 1395 1944 genere
1433 1896 1569 1941 utitur,
1608 1897 1661 1932 ita
1698 1898 1806 1933 etiam
1843 1898 1901 1933 hic
1935 1909 1956 1934 a
1990 1898 2155 1945 legitima
2183 1899 2301 1933 struc-

224 1961 327 2005 tura,
364 1970 473 2006 quam
508 1958 648 1997 exculto
683 1958 808 1995 Attico
845 1969 1004 1995 sermone
1042 1958 1213 1994 Platones
1251 1959 1315 1995 aut
1358 1958 1609 1995 Demosthenes
1648 1959 1759 1995 secuti
1794 1959 1880 2004 sint,
1917 1958 2096 2006 paulisper
2130 1958 2301 1996 recedere.

224 2020 350 2068 Neque
383 2019 479 2057 enim
513 2019 583 2057 loci
618 2018 759 2065 desunt,
795 2018 925 2066 quibus
961 2019 1072 2055 etiam
1107 2018 1351 2067 Thucydidem
1386 2020 1453 2056 hac
1488 2020 1764 2057 conformatione
1791 2031 1895 2056 usum
1922 2030 1996 2056 esse
2023 2020 2300 2056 demonstratur.

223 2082 321 2119 Nam
349 2081 380 2118 si
407 2081 470 2126 VI,
501 2081 560 2126 21,
585 2082 604 2117 1
624 2092 706 2117 cum
725 2080 890 2117 omnibus
909 2080 1090 2116 codicibus
1108 2080 1279 2128 legimus:
1316 2074 1432 2122 ἄλλως
1457 2094 1497 2116 τε
1521 2081 1583 2116 καὶ
1606 2078 1639 2116 εἰ
1663 2079 1839 2123 ξυστῶσιν
1865 2079 1905 2116 αἱ
1929 2079 2051 2121 πόλεις
2076 2082 2303 2128 φοβηθεῖσαι

224 2143 286 2180 καὶ
320 2140 373 2192 μή
407 2138 736 2190 ᾰντιπαράσχωσιν
770 2155 800 2178 κ.
834 2155 864 2178 τ.
900 2141 948 2188 λ,
986 2141 1148 2190 equidem
1175 2141 1382 2190 intellegere
1416 2153 1483 2180 non
1518 2153 1673 2189 possum,
1718 2153 1778 2178 cur
1813 2142 1880 2178 viri
1914 2141 2008 2179 docti
2045 2141 2102 2178 hic
2139 2140 2301 2178 codicum

224 2203 380 2251 vestigia
415 2202 600 2248 servanda,
637 2202 713 2239 illic
749 2203 981 2250 relinquenda
1024 2214 1101 2240 esse
1137 2204 1356 2250 putaverint.
1410 2205 1536 2248 Immo,
1575 2205 1684 2240 etiam
1721 2205 1841 2240 nostro
1878 2203 1953 2239 1000
1991 2203 2209 2249 reponendus
2247 2205 2302 2239 est

223 2265 473 2304 coniunctivus
522 2275 632 2313 aeque
671 2275 713 2303 ac
752 2265 781 2312 1,
826 2265 883 2312 72,
918 2265 940 2302 2
978 2276 1060 2303 011111
1099 2264 1246 2313 optimis
1285 2264 1388 2304 libris
1428 2264 1680 2313 manuscriptis
1720 2264 1768 2312 (A
1795 2264 1823 2302 B
1850 2264 1878 2301 E
1904 2263 1958 2311 M)
1989 2263 2176 2312 legendum
2212 2263 2300 2302 erit:

223 2321 496 2375 προσελθόώτες
513 2314 579 2364 οὖν
594 2328 670 2368 τοῖς
688 2327 990 2374 Λακεδαιμονίοις
1008 2327 1156 2374 ἔφασαν
1180 2325 1383 2374 βούλεσθαι
1414 2328 1476 2363 καὶ
1501 2324 1605 2363 αὐτοὶ
1636 2328 1671 2367 ἐς
1705 2325 1748 2361 τό
1775 2325 1922 2374 πλῆθος
1955 2322 2074 2362 αὐτῶν
2108 2324 2236 2371 εἰπεῖν,
2271 2327 2310 2362 εἴ

223 2400 258 2423 τι
281 2385 335 2437 μή
365 2383 576 2436 ἀποκωλύῃ,
602 2387 688 2426 licet
715 2387 800 2425 libri
827 2387 1006 2425 inferioris
1033 2388 1140 2425 notae
1166 2384 1374 2425 ἀποκωλύοι
1400 2389 1464 2425 aut
1491 2385 1663 2424 αόκωλύει
1688 2388 1809 2424 varias
1836 2387 2004 2424 lectiones
2032 2387 2158 2424 ferant.

346 2458 399 2495 At
421 2458 453 2495 si
479 2459 560 2506 quis
587 2469 630 2496 ne
655 2460 701 2496 iis
727 2460 871 2507 quidem
898 2459 1067 2506 exemplis
1086 2460 1282 2504 moveatur,
1311 2461 1352 2497 ut
1371 2460 1465 2496 hunc
1482 2470 1587 2496 usum
1607 2458 1822 2506 Thucydidis
1840 2459 1949 2495 fuisse
1967 2460 2119 2503 censeat,
2148 2470 2295 2505 prorsus

223 2518 397 2557 eiusmodi
439 2521 707 2566 enuntiatorum
741 2520 811 2559 duo
846 2532 976 2569 genera
1011 2520 1047 2557 in
1090 2521 1246 2558 mentem
1282 2521 1472 2558 revocabo:
1519 2520 1747 2558 relativorum
1776 2520 1812 2557 et
1838 2520 2100 2566 temporalium,
2137 2530 2238 2567 quae,
2268 2521 2299 2557 si

225 2579 302 2617 vice
335 2580 605 2619 enuntiatorum
641 2581 939 2619 condicionalium
973 2582 1183 2629 funguntur,
1221 2583 1263 2618 ut
1298 2584 1381 2629 post
1416 2583 1575 2629 tempora
1610 2581 1780 2628 primaria
1815 2581 1993 2627 particula
2029 2574 2076 2615 ἄν
2120 2583 2301 2626 ornentur,

222 2640 388 2691 legitima
414 2643 586 2682 orationis
613 2643 753 2682 solutae
780 2643 920 2682 dicendi
948 2643 1201 2682 consuetudine
1228 2643 1444 2691 postulatur.
1491 2643 1557 2681 Sed
1577 2642 1800 2691 Thucydides
1828 2642 1939 2679 etiam
1965 2642 2002 2678 in
2029 2642 2086 2679 his
2106 2643 2303 2680 enuntiatis

199 2724 201 2726 -
223 2702 397 2749 peculiari
423 2704 578 2752 quodam
605 2706 640 2742 et
667 2706 854 2752 poetarum
881 2705 1134 2742 consimillimo
1160 2705 1325 2751 loquendi
1351 2715 1476 2751 genere
1503 2705 1630 2740 utitur.
1685 2704 1780 2743 Nam
1808 2705 1876 2747 III,
1907 2705 1967 2748 43,
1989 2705 2011 2739 5
2039 2704 2211 2750 legimus:
2239 2703 2304 2740 νῦν

223 2763 267 2799 δὲ
292 2761 387 2813 πρός
411 2760 534 2814 ὀργήν,
559 2760 688 2815 ἥντινα
713 2764 858 2815 τύχητε,
885 2764 1067 2814 §munim
1095 2766 1158 2804 ubi
1184 2777 1247 2804 1100
1286 2777 1366 2803 011111
1392 2765 1576 2814 Madvigio
1601 2764 1708 2813 (Adv.
1728 2765 1746 2803 I
1773 2776 1854 2813 pag.
1876 2764 1965 2814 316)
1993 2756 2039 2816 ἦν
2065 2778 2147 2803 τινα
2173 2763 2306 2815 τύχητε

223 2831 288 2864 1100
305 2832 389 2861 cum
407 2823 568 2863 Stahli0:
587 2820 699 2876 ἥντιν’
718 2818 766 2863 ἂν
783 2825 917 2875 τίχητε
935 2826 1193 2865 emendandum
1212 2828 1277 2873 est,
1297 2827 1369 2872 sed,
1390 2827 1483 2874 quod
1502 2826 1719 2874 Thucydidis
1738 2828 1828 2872 erat,
1847 2827 2099 2874 reponendum.
2130 2827 2304 2864 Similiter

230 2883 296 2926 IV,
327 2885 385 2931 18,
406 2887 442 2923 4.

2104 2960 2123 2992 4
