2485 3102
1099 121 1352 161 „11-

188 248 273 277 nam
309 239 386 276 ute
394 248 505 287 rque
542 235 744 275 infinitivus
782 233 1071 283 consequentiam
1110 232 1259 271 denotat
1294 232 1472 271 enuntiati
1508 231 1770 271 condicionalis.
1833 232 1953 281 Atque
1989 232 2083 270 hunc
2121 239 2265 268 sensum

188 300 420 346 habebimus,
453 298 518 338 ubi
543 299 626 347 post
646 301 832 346 περιιέναι
856 294 1077 345 particulam
1093 296 1160 331 nac
1183 294 1448 339 meruerimus,
1476 305 1584 343 quam
1612 295 1658 333 ob
1686 294 1904 344 insequentis
1931 292 2030 331 κατά
2057 293 2265 331 litterarum

188 360 461 401 similitudinem
488 360 664 399 faenum
688 368 895 397 evanescere
920 348 1080 405 potuisse
1105 356 1230 404 liquet.
1271 357 1370 402 Quae
1396 357 1427 393 si
1453 357 1528 393 iure
1554 357 1657 402 facio,
1686 357 1848 404 apodosis
1875 357 2001 403 incipit
2020 356 2065 393 ab
2085 358 2265 403 περιιέναι

188 424 378 470 infinitivo,
406 434 512 472 quem
538 422 576 460 in
602 421 764 460 oratione
788 420 934 468 obliqua
960 418 1075 457 futuri
1101 419 1222 466 partes
1248 418 1425 466 suscipere
1450 429 1552 465 posse
1578 429 1639 466 per
1666 429 1703 456 se
1728 418 1961 468 intellegitur.

310 485 370 530 37,
398 485 434 522 2.
476 484 536 529 69,
564 484 600 520 2.
642 483 702 527 83,
732 482 766 519 5.
808 481 868 526 86,
900 481 918 518 1
947 491 1058 528 aeque
1084 491 1126 517 ac
1153 481 1214 525 88,
1245 480 1277 517 1.
1318 480 1379 525 98,
1409 481 1443 516 2.
1490 481 1571 526 114,
1601 481 1634 517 5.
1679 482 1761 527 118,
1793 482 1851 518 14.
1892 482 1935 526 V,
1965 481 2024 526 29,
2055 480 2089 516 2.
2134 479 2195 520 30,
2229 478 2261 514 1.

188 547 248 592 30,
277 546 320 583 4.-
348 546 409 591 84,
445 545 478 582 1.
513 545 576 589 40,
604 545 639 581 8.
675 543 738 588 71,
768 543 803 588 8,
831 543 866 579 2.
902 543 963 584 25,
991 542 1025 579 2.
1063 542 1123 586 26,
1155 542 1174 578 1
1202 540 1262 588 (cf.
1291 542 1325 586 8,
1355 539 1405 587 2).
1441 541 1501 588 44,
1531 542 1564 579 3.
1601 542 1659 588 67,
1691 543 1722 580 1.
1761 543 1818 588 72,
1839 544 1872 580 5.
1910 542 2024 587 88,1.
2062 540 2144 586 vn,
2169 540 2200 585 1,
2226 539 2257 576 1.

188 608 220 653 7,
250 608 284 645 8.
327 607 386 652 6ο,
414 608 449 643 2.
490 605 592 650 7111,
624 605 655 650 1,
685 605 719 641 3.
761 604 821 649 48,
851 604 885 640 5.
927 604 987 648 56,
1015 603 1050 640 4.
1091 604 1151 648 57,
1183 603 1215 640 1.
1257 603 1318 644 64,
1350 604 1381 640 1.
1423 603 1481 650 65,
1510 605 1544 642 3.
1587 605 1644 651 67,
1675 606 1708 642 2.
1750 605 1809 651 67,
1838 606 1873 642 3.
1918 605 1977 642 93.
2007 605 2043 641 2.

1089 703 1135 736 B.
1169 697 1359 746 optativus.

308 790 359 827 Ut
393 799 499 836 supra
535 788 609 825 iam
644 786 819 833 vidimus,
857 786 1103 824 coniunctivus
1139 787 1176 824 in
1211 787 1407 825 enuntiatis
1445 787 1603 825 relativis
1632 788 1724 836 apud
1751 788 1993 837 Thucydidem
2021 788 2052 826 is
2079 789 2151 835 est,
2188 799 2259 837 quo

185 851 344 890 condicio
372 851 428 888 vel
454 860 619 897 praesens
647 849 703 886 vel
730 848 853 886 futura
880 849 1098 896 cogitatione
1124 848 1294 897 fingitur,
1322 861 1363 886 ex
1390 861 1458 897 quo
1485 861 1546 896 per
1572 862 1609 887 se
1635 851 1875 899 intellegitur,
1905 862 1984 888 eum
2013 851 2154 899 proprie
2181 862 2258 888 esse

185 914 343 962 positum
369 914 451 960 post
477 913 639 958 tempora
666 910 850 958 primaria,
879 911 922 947 ut
947 911 1030 958 pote
1056 922 1207 958 quorum
1234 912 1380 949 eventus
1408 911 1464 949 vel
1490 922 1653 959 praesens
1681 913 1736 950 vel
1762 913 1905 950 futurus
1930 913 1997 958 sit;
2026 913 2086 951 sed
2106 912 2256 950 eundem

183 976 294 1013 etiam
321 974 589 1011 coniunctivum
615 972 708 1010 nihil
734 972 884 1018 habere,
920 972 1015 1020 quod
1040 972 1230 1019 miremur,
1270 973 1301 1010 si
1329 973 1366 1010 in
1393 973 1553 1011 018110118
1581 974 1725 1022 obliqua
1751 976 1831 1022 post
1857 976 2018 1023 tempora
2045 975 2256 1012 secundaria

184 1034 383 1080 iuvenitur,
419 1036 461 1072 ut
488 1045 558 1082 qua
585 1045 636 1079 ea,
665 1044 757 1081 quae
782 1034 943 1071 homines
969 1034 1165 1071 introducti
1192 1034 1402 1082 cogitando,
1439 1034 1604 1079 dicendo,
1641 1035 1800 1072 faciendo
1836 1036 2027 1083 aliquando
2062 1036 2253 1081 voluerint,

183 1096 442 1146 quodammodo
470 1096 515 1133 ad
541 1098 684 1142 tempus
710 1106 877 1142 praesens
903 1095 1121 1141 referantur,
1161 1095 1264 1143 quasi
1301 1107 1395 1133 nunc
1429 1095 1570 1132 demum
1606 1097 1686 1133 rata
1713 1096 1786 1134 sint
1812 1097 1945 1135 futura.
2000 1097 2106 1135 Nunc
2133 1098 2255 1135 autem

184 1158 386 1207 quaeritur,
422 1169 492 1206 qua
526 1158 666 1195 ratione
693 1157 919 1206 Thucydides
945 1157 983 1194 in
1010 1156 1208 1194 enuntiatis
1235 1157 1398 1194 relativis
1425 1156 1610 1194 modorum
1647 1157 1756 1196 faciat
1783 1158 1979 1204 delectum,
2021 1159 2052 1197 si
2080 1160 2253 1207 tempora,

183 1230 273 1268 quae
300 1218 526 1264 antecedunt,
553 1229 649 1256 mere
676 1219 760 1256 sunt
787 1218 1009 1255 secundaria.

305 1281 360 1319 Ac
392 1282 548 1329 primum
583 1280 725 1329 quidem
761 1281 793 1318 si
828 1280 924 1318 actio
958 1280 1131 1328 primaria
1164 1281 1324 1328 tempore
1357 1280 1559 1318 continetur
1594 1281 1802 1327 praeterito,
1840 1292 1901 1329 per
1927 1292 1964 1319 se
1989 1282 2105 1329 patet,
2143 1282 2254 1319 etiam

182 1343 360 1381 actionem
386 1342 632 1380 secundariam
658 1342 758 1378 illius
784 1342 941 1379 rectione
966 1342 1080 1379 teneri
1108 1353 1149 1378 ac
1176 1353 1267 1389 quae
1293 1342 1396 1379 illam
1423 1343 1488 1378 aut
1515 1342 1701 1379 antecedat
1728 1344 1790 1379 aut
1818 1344 2057 1391 subsequatur
2076 1345 2140 1380 aut
2159 1344 2254 1381 eius-

181 1406 262 1443 dem
287 1405 462 1452 temporis
488 1405 660 1442 momenti
688 1405 755 1450 sit,
793 1404 1023 1452 cogitandam
1055 1415 1141 1442 8888.
1197 1403 1383 1452 Sequitur,
1419 1402 1533 1441 eidem
1561 1403 1692 1441 actioni
1720 1403 1945 1442 secundariae
1974 1405 2116 1454 tempus
2143 1404 2254 1443 fuisse

181 1465 461 1514 suscipiendum,
498 1476 568 1514 quo
601 1465 695 1503 ratio
729 1465 794 1502 illa
829 1465 1038 1513 temporalis
1073 1465 1167 1501 inter
1201 1466 1395 1511 utrumque
1429 1465 1653 1501 enuntiatum
1680 1466 1895 1502 intercedens
1923 1468 2112 1512 conspicua
2139 1468 2251 1504 fieret.

181 1528 283 1575 Quod
308 1527 385 1565 fieri
412 1527 551 1575 potuit,
590 1527 653 1564 ubi
680 1527 868 1564 enuntiata
905 1527 1115 1564 secundaria
1140 1526 1344 1564 indicativo
1379 1526 1570 1563 cuiuslibet
1598 1526 1764 1573 temporis
1791 1527 1989 1565 exornanda
2016 1529 2137 1574 erant,
2174 1527 2252 1566 fieri

181 1601 251 1627 non
277 1589 416 1637 potuit,
452 1588 515 1626 ubi
551 1599 662 1637 genus
700 1588 838 1627 dicendi
872 1588 1073 1636 ponendum
1108 1589 1203 1635 erat,
1240 1588 1334 1637 quod
1370 1587 1605 1625 indicativum
1638 1588 1825 1635 respuebat
1860 1591 1895 1625 et
1921 1590 2066 1626 modum
2094 1590 2251 1638 aliquem

181 1651 357 1700 exigebat.
418 1650 542 1697 Neque
578 1649 673 1686 enim
709 1650 868 1686 habebat
903 1650 1029 1697 lingua
1066 1650 1203 1687 Graeca
1240 1651 1382 1697 tempus
1419 1650 1649 1695 historicum,
1688 1651 1788 1686 cuius
1824 1651 1920 1686 modi
1957 1652 2109 1688 actionis
2149 1664 2252 1698 prae-

180 1714 309 1750 teritae
344 1712 521 1759 suscipere
555 1713 721 1759 poterant
756 1710 939 1750 notionem
973 1710 1242 1760 designandam.
1296 1710 1392 1750 Nam
1427 1722 1470 1749 ne
1506 1709 1630 1749 aoristi
1664 1708 1805 1760 quidem
1847 1711 1988 1759 modos,
2025 1712 2155 1761 quippe
2190 1713 2252 1762 qui

180 1774 374 1824 augmento
408 1774 571 1820 careant,
608 1772 723 1812 ullam
756 1772 802 1813 ad
828 1774 970 1822 tempus
996 1773 1231 1822 praeteritum
1257 1773 1468 1812 relationem
1497 1773 1694 1820 continere,
1732 1773 1805 1810 iam
1838 1774 1971 1810 dudum
2005 1775 2050 1811 ab
2085 1776 2252 1812 omnibus

180 1837 268 1873 viris
295 1836 410 1873 doctis
438 1836 661 1872 intellectum
688 1837 755 1872 est.
807 1836 845 1873 Si
871 1836 985 1883 igitur
1012 1836 1202 1882 scriptores
1221 1836 1358 1873 Graeci·
1377 1836 1554 1873 actionem
1582 1836 1828 1873 secundariam
1854 1837 2037 1873 enuntiato
2064 1838 2250 1875 coniuncte

177 1897 272 1937 elato
299 1897 497 1946 ingestam,
534 1896 636 1935 cuius
671 1908 732 1946 per
767 1907 804 1934 se
838 1907 983 1945 prorsus
1017 1895 1118 1934 nulla
1152 1896 1321 1944 primitus
1357 1897 1434 1933 erat
1470 1895 1596 1933 relatio
1633 1895 1677 1933 ad
1715 1896 1863 1933 actionis
1890 1896 2080 1943 primariae
2107 1899 2249 1945 tempus

177 1959 424 2007 praeteritum,
452 1958 655 1995 accuratius
682 1959 869 2005 depingere
895 1959 1074 1995 volebant,
1103 1969 1257 2005 quonam
1284 1969 1408 1995 sensus
1435 1970 1525 1994 nexu
1554 1970 1594 1994 ac
1621 1958 1757 1995 ratione
1783 1959 1984 1995 cohaereret
2009 1970 2089 1996 cum
2110 1961 2250 1998 actione

177 2020 361 2068 primaria,
391 2020 566 2058 eiusmodi
591 2021 736 2058 tantum
763 2019 867 2058 modo
894 2019 950 2058 uti
976 2020 1155 2067 poterant,
1183 2031 1252 2068 quo
1276 2019 1371 2058 actio
1390 2018 1600 2057 secundaria
1618 2018 1845 2057 denotaretur
1863 2019 2033 2068 cogitata,
2061 2022 2250 2069 propterea

177 2081 271 2131 quod
297 2081 409 2120 etiam
435 2081 530 2120 actio
557 2081 740 2130 primaria,
769 2082 810 2118 ut
829 2091 920 2130 quae
938 2082 1017 2129 ipsa
1036 2081 1082 2119 ad
1107 2083 1249 2129 tempus
1277 2082 1512 2129 praeteritum
1539 2082 1676 2118 remota
1702 2083 1804 2125 esset,
1832 2082 1948 2118 mente
1975 2083 2118 2119 tantum
2142 2085 2250 2130 atque

177 2144 300 2182 animo
327 2143 416 2191 fingi
443 2144 597 2190 poterat.

300 2205 379 2243 Duo
407 2205 528 2243 autem
554 2204 652 2243 modi
679 2206 799 2252 erant,
828 2216 980 2255 quorum
1007 2204 1165 2244 delectus
1193 2205 1384 2255 agebatur,
1422 2204 1514 2243 alter
1540 2204 1803 2250 conjunctivus,
1840 2205 1930 2242 alter
1956 2206 2158 2253 optativum
2187 2208 2249 2244 sed

176 2268 282 2306 illum
307 2268 520 2316 respuerunt
547 2267 749 2314 scriptores,
778 2268 873 2305 hunc
898 2268 1157 2315 praetulerunt.
1210 2268 1265 2306 Ac
1291 2279 1354 2305 cur
1380 2268 1433 2305 ita
1460 2267 1623 2312 fecerint,
1659 2278 1752 2304 nunc
1784 2267 1925 2315 quidem
1951 2269 2018 2305 erit
2045 2269 2245 2308 dicendum.

298 2328 554 2367 Coniunctivus
589 2328 702 2376 enim,
740 2330 782 2368 ut
817 2341 925 2379 supra
959 2329 1033 2368 iam
1068 2329 1242 2377 vidimus,
1278 2329 1392 2378 primo
1428 2328 1608 2367 voluntati
1643 2328 1698 2366 vel
1732 2329 1983 2377 exspectationi
2018 2329 2246 2377 inserviebat,

175 2392 306 2441 quibus
339 2393 382 2429 ut
417 2391 511 2429 certe
545 2391 683 2440 aliquid
716 2391 817 2429 fieret
851 2392 1106 2440 postulabatur
1141 2392 1197 2430 vel
1231 2392 1516 2440 exspectabatur.
1571 2391 1672 2438 Quod
1708 2392 2015 2430 coniunctivorum
2051 2403 2163 2441 genus
2199 2395 2245 2432 ad

175 2455 317 2501 tempus
343 2453 507 2491 futurum
534 2455 711 2501 spectare,
745 2454 820 2491 sive
854 2454 901 2491 ad
934 2455 1076 2502 tempus
1109 2454 1146 2491 in
1181 2454 1366 2491 enuntiato
1403 2453 1572 2501 primario
1601 2453 1752 2490 refertur
1778 2453 1989 2500 primarium
2016 2454 2090 2493 sive
2118 2466 2245 2494 secun-

175 2515 328 2561 darium,
356 2515 482 2563 liquet.
524 2514 622 2552 Idem
651 2515 898 2553 conjunctivus
926 2516 1153 2554 secundarias
1181 2516 1440 2564 quodammodo
1467 2516 1585 2563 partes
1613 2526 1671 2552 eas
1690 2515 1857 2562 suscepit,
1885 2515 2014 2563 quibus
2033 2517 2245 2564 cogitationi

173 2576 362 2613 inserviret
388 2576 439 2613 rei
466 2576 653 2613 coniuncte
680 2577 806 2614 elatae.
850 2577 971 2625 Atque
996 2578 1062 2614 hoc
1089 2590 1227 2626 quoque
1255 2577 1559 2615 coniunctivorum
1585 2587 1696 2624 genus
1723 2577 1902 2623 paulatim
1928 2577 2139 2616 relationem
2166 2591 2245 2618 sus-

174 2637 268 2686 cepit
295 2637 349 2676 ad.
367 2637 404 2676 id
430 2638 591 2686 tempus,
628 2649 698 2687 quo
733 2648 789 2676 res
817 2638 1003 2677 coniuncte
1030 2639 1127 2677 elata
1154 2639 1295 2677 omnino
1321 2640 1402 2676 rata
1429 2638 1570 2685 poterat
1596 2637 1687 2683 fieri,
1726 2638 1761 2674 h.
1781 2648 1809 2674 e.
1838 2638 1883 2675 ad
1910 2639 2052 2686 tempus
2079 2651 2244 2687 praesens

172 2700 230 2736 vel
264 2699 446 2744 futurum,
481 2700 575 2746 quod
604 2711 644 2737 eo
671 2701 815 2738 facilius
842 2701 919 2738 fieri
945 2703 1104 2748 poterat,
1141 2713 1209 2749 quo
1237 2702 1388 2748 amplior
1422 2701 1494 2737 iam
1528 2701 1606 2737 erat
1640 2700 1766 2746 prioris
1801 2700 1900 2738 illius
1936 2702 2244 2742 coniunctivorum

171 2760 311 2810 generis
329 2772 415 2799 usus
443 2772 485 2799 80
512 2761 721 2811 frequentia.
766 2762 943 2801 Restabat
969 2762 1082 2812 igitur
1099 2774 1210 2801 unum
1237 2762 1283 2809 id,
1303 2761 1388 2811 quid
1414 2760 1614 2800 faciendum
1640 2762 1732 2799 esset
1750 2761 1961 2811 cogitationi
1988 2764 2040 2800 rei
2058 2764 2246 2803 coniuncte

171 2822 306 2868 elatae,
342 2823 373 2860 si
401 2823 446 2859 ad
474 2824 614 2870 tempus
641 2825 876 2870 praeteritum
903 2826 1103 2861 referretur.
1157 2825 1270 2871 Atqui
1297 2824 1498 2869 optativus,
1535 2825 1576 2860 ut
1605 2834 1713 2870 supra
1739 2824 1812 2861 iam
1839 2824 1930 2870 dixi,
1968 2827 2004 2863 et
2038 2827 2244 2873 optionibus

170 2884 388 2922 inserviebat
422 2886 459 2922 et
493 2886 793 2933 cogitationibus,
830 2899 921 2935 quae
955 2888 1079 2925 utrum
1113 2887 1214 2924 ratae
1250 2885 1373 2924 fierent
1407 2896 1513 2924 necne
1547 2895 1691 2934 prorsus
1726 2885 1761 2924 in
1795 2885 1911 2926 medio
1937 2886 2241 2937 relinquebantur.
