2485 3102
1156 210 1194 249 3.
1221 209 1389 251 ἐπειδάν.

269 277 271 279 ’
340 265 572 312 (ιι-1611111018
597 263 813 302 antecedunt
839 262 1024 311 primaria.

338 335 568 374 praesens.
612 325 661 371 ΙΙ,
682 324 744 369 34,
764 325 799 361 3.
839 321 994 361 ἐπειδαν
1020 325 1064 361 δὲ
1088 321 1113 374 ἦ
1138 323 1283 373 ἐκφορά
1307 312 1346 374 ᾗ,
1369 322 1558 372 λάρνακας
1582 324 1854 372 mammae
1871 315 2022 368 ἄγουσιν
2036 311 2182 369 ἅμαξαι
2199 318 2318 371 φυλῆς

217 384 379 436 ἑκάστης
400 389 505 434 μίαν,
532 397 602 436 quo
628 387 707 424 loco
734 385 916 434 particula
933 384 1090 422 ἐπειδάν
1107 396 1172 433 pro
1191 380 1339 422 ὁπόταν
1356 384 1476 433 posita
1494 394 1571 422 esse
1588 383 1742 430 videtur,
1771 382 1858 434 qnia
1874 382 2103 428 enuntiatum
2119 381 2318 433 temporale

216 458 417 495 congruens
443 448 648 486 habendum
675 449 743 493 est,
771 458 853 485 cum
881 447 959 494 ipso
987 446 1025 484 in
1052 446 1180 486 funere
1198 447 1360 486 faciendo
1379 445 1544 495 plaustra
1561 445 1645 483 usui
1662 445 1749 492 sint,
1776 445 1910 494 quibus
1928 455 2075 493 corpora
2092 444 2317 516 mortuorum

218 507 264 544 ad
290 508 498 554 sepulturae
524 508 643 545 locum
670 507 907 544 devehuntur.
953 508 1011 544 cui
1039 507 1149 545 adde·
1178 509 1227 553 ΙΙ,
1257 509 1317 552 34,
1339 509 1374 544 6.
1420 507 1462 551 V,
1494 507 1578 549 103,
1600 507 1635 541 2.
1681 506 1764 551 VII,
1794 507 1855 551 66,
1876 507 1912 543 3.

342 569 563 607 futurum.
600 569 649 615 ΙΙ,
673 569 731 615 72,
753 570 789 606 3.
827 566 984 606 ἐπειδαν
1010 569 1052 605 δὲ
1077 564 1097 605 ὁ
1117 566 1278 617 πόλεμος
1303 566 1492 616 παρέλθῃ,
1519 562 1768 614 ἀποδώσομεν
1792 562 1890 614 υμῖν,
1915 559 1942 604 ἆ
1960 559 2009 604 ἂν
2034 564 2320 615 παραλάβωμεν.

222 629 304 674 VII,
334 630 393 676 67,
415 630 450 669 2.

345 693 379 737 β.
408 691 572 739 tempora
599 690 817 729 antecedunt
844 690 1068 728 secundaria.

343 751 682 800 imperfectum.
720 752 764 800 V,
785 752 846 799 65,
866 752 901 790 4.
943 749 1110 801 ἐβούλετο
1135 751 1178 788 δὲ
1202 748 1287 792 τούς
1312 747 1392 787 α’πό
1417 747 1484 787 τοῦ
1504 746 1627 797 *mov
1649 746 1886 799 βοηθοῦντας
1910 749 1976 787 ἐπὶ
1999 748 2069 800 τήν
2092 747 2160 787 τοῦ
2183 743 2321 792 ὕδατος

217 811 417 862 ἐκτροπήν,
453 813 608 851 ἐπειδᾶν
641 812 857 858 πύθωνται,
889 812 1147 862 καταβιβάσαι,
1182 823 1251 860 quo
1286 812 1363 848 loco
1397 811 1645 849 coniunctivus
1672 810 1766 858 quod
1792 811 1966 848 miremur
1992 822 2062 849 non
2089 812 2210 857 habet,
2238 822 2321 849 cum

220 875 450 913 enuntiatum
487 876 691 924 temporale
727 887 798 915 non
833 877 911 914 tam
944 874 1145 923 imperfecti
1180 871 1347 921 ἐβούλετο
1382 883 1491 921 quam
1524 871 1709 920 participii
1741 869 1977 921 βοηθοῦντας
2018 872 2175 911 rectione
2208 873 2323 911 tenori

220 935 370 984 liqueat.

346 998 472 1049 Neque
499 999 575 1039 alia
602 1001 657 1039 est
684 1000 779 1039 ratio
807 1011 928 1039 eorum
956 999 1235 1044 enuntiatorum,
1265 1009 1356 1047 quae
1383 998 1421 1036 in
1448 997 1631 1037 foederum
1657 995 1900 1036 monumentis
1926 995 2098 1045 leguntur
2117 1007 2188 1036 non
2205 996 2321 1046 parti-

221 1061 304 1097 cula
330 1061 488 1098 ἐπειδάν
515 1063 578 1099 sed
604 1061 714 1113 ἐπήν,
750 1074 841 1110 quae
868 1062 1099 1110 Thucydidea
1133 1073 1204 1098 non
1232 1063 1298 1106 est,
1332 1061 1550 1098 introducta.
1605 1061 1649 1097 cf.
1678 1061 1721 1105 V,
1751 1060 1811 1105 47,
1833 1061 1868 1096 6.
1909 1059 2013 1104 VIII,
2042 1060 2103 1104 58,
2126 1061 2159 1097 6.
2207 1060 2266 1105 58,
2288 1060 2322 1105 7,

222 1123 286 1160 ubi
313 1123 371 1161 bis
398 1123 650 1171 imperativus,
678 1125 788 1163 semel
815 1125 891 1162 eius
918 1124 1074 1162 vicarius
1100 1122 1303 1161 infinitivus
1331 1122 1558 1161 antecedunt.

1031 1223 1067 1263 4.
1096 1222 1277 1273 πρότερον
1302 1216 1327 1275 ἦ
1352 1224 1388 1261 61
1414 1224 1513 1272 πρίν.

971 1295 1006 1323 a.
1042 1285 1298 1332 particula
1331 1279 1387 1322 ἄν
1424 1283 1577 1322 deest.

350 1369 386 1390 α.
415 1355 579 1402 tempora
606 1354 819 1392 antecedunt
847 1353 1032 1401 primaria.

348 1426 576 1463 praesens.
621 1417 702 1462 VII,
733 1418 792 1462 63,
817 1417 849 1454 1.
897 1405 947 1452 ὧν
972 1413 1044 1464 χρή
1068 1419 1320 1462 μεμνημένους
1343 1413 1397 1463 μή
1430 1412 1612 1463 πρότερον
1645 1412 1773 1458 α’ξιοῧν
1805 1411 2048 1452 ἀπολύεσθαι
2080 1406 2106 1465 ἢ
2131 1411 2217 1456 τούς
2242 1409 2325 1450 α’πό

225 1473 292 1512 τοῦ
309 1475 624 1526 καταστρώματος
649 1474 805 1519 ὁπλίτας
831 1474 1070 1526 ἅπαριίξητε.
1110 1476 1246 1513 Ceteris
1273 1475 1361 1512 locis
1388 1475 1555 1512 omnibus
1582 1478 1672 1524 πρίν
1698 1476 1845 1524 legitur.
1891 1476 1936 1513 cf.
1955 1476 2019 1521 VI,
2052 1476 2110 1521 10,
2131 1477 2166 1513 5.
2207 1476 2268 1520 38,
2288 1475 2324 1510 2.
2373 1513 2375 1515 ,

350 1543 383 1587 β.
419 1540 582 1587 tempora
618 1539 835 1577 antecedunt
863 1538 1092 1584 secundaria,
1129 1549 1221 1586 quae
1255 1538 1388 1586 ubique
1423 1539 1488 1576 881
1521 1537 1703 1577 infinitivo
1738 1539 1803 1576 aut
1837 1537 2029 1587 participio
2064 1538 2128 1576 aut
2162 1536 2326 1586 optativo

228 1601 359 1639 ornata
386 1601 481 1646 sunt,
510 1600 565 1638 ita
591 1602 634 1638 ut
660 1601 851 1638 enuntiata
877 1602 969 1649 πρίν
994 1599 1201 1644 introducta
1228 1610 1299 1636 non
1325 1600 1403 1636 tam
1431 1599 1477 1636 ab
1504 1599 1579 1636 illis
1606 1610 1716 1647 quam
1743 1600 1789 1637 ab
1816 1600 1875 1637 his
1901 1600 2133 1647 dependeant.
2167 1599 2270 1644 VIII,
2290 1600 2325 1646 9,

228 1664 261 1701 1.
300 1659 345 1699 οὗ
367 1660 707 1712 προυθυμήθησαν
732 1661 925 1709 ξυμπλεῖν,
951 1661 1041 1709 πρὶν
1067 1659 1115 1698 τοὶ
1131 1653 1288 1708 νΙοθμιοι
1305 1659 1557 1709 διεορτᾰσωσι.
1607 1661 1709 1707 VIII,
1730 1662 1765 1707 9,
1787 1663 1821 1700 3.
1860 1660 1977 1698 αἴτιον
2000 1661 2141 1709 ἐγένετο
2159 1660 2195 1699 οἴ
2217 1658 2328 1710 ὀλίγοι

226 1721 271 1761 οὐ
293 1721 505 1772 βουλόμενοι
530 1722 706 1770 πολέμων
731 1724 838 1769 ἔχειν,
864 1724 955 1771 πρίν
980 1736 1015 1759 τι
1039 1723 1101 1759 καὶ
1126 1720 1278 1772 ἰσχυρόν
1302 1720 1449 1770 λάβωσι.
1503 1723 1567 1769 VI,
1601 1723 1660 1769 29,
1688 1724 1722 1761 2.
1784 1721 2062 1772 ἐπεμαρτύρετο
2095 1717 2152 1760 ὅτι
2185 1732 2327 1772 σωφρο-

225 1788 399 1831 νέστερον
431 1783 487 1831 εἴη
522 1782 576 1831 μή
608 1782 704 1830 μετοὶ
735 1781 910 1830 τοιαύτης
954 1781 1075 1824 αἰτίας
1108 1785 1197 1831 πρὶν
1238 1781 1410 1829 διαγνῶσι
1436 1789 1599 1831 πέμπειν
1624 1782 1748 1821 αὐτόν.

358 1842 430 1881 Cur
456 1843 717 1882 Herwerdenus
751 1844 886 1892 ubique
922 1842 967 1882 ad
994 1846 1084 1892 πρίν
1119 1843 1405 1882 coniunctionem
1440 1844 1658 1893 particulam
1685 1838 1733 1881 liv
1767 1844 1966 1883 addendam
2002 1855 2078 1882 esse
2113 1845 2255 1882 censeat
2289 1855 2331 1882 80

228 1917 265 1944 16
300 1916 385 1943 vera
420 1906 458 1942 in
493 1906 634 1943 textum
669 1906 861 1954 receperit,
898 1905 993 1953 apud
1020 1903 1201 1952 πρότερον
1226 1899 1253 1957 ἢ
1277 1906 1425 1944 eandem
1457 1909 1622 1955 respuat,
1658 1906 1822 1955 equidem
1857 1907 1959 1945 video
1991 1917 2056 1944 nec
2087 1917 2234 1945 causam
2265 1917 2329 1944 nec

228 1968 417 2006 rationem.
455 1967 565 2014 Apud
590 1967 792 2005 Homerum
819 1967 963 2015 quidem
989 1967 1238 2005 coniunctivus
1262 1979 1400 2016 semper
1425 1968 1542 2006 nudus
1569 1968 1624 2006 est
1646 1966 1695 2016 1);
1723 1969 1917 2017 lyricorum
1935 1969 2123 2016 poetarum
2147 1968 2256 2015 primi
2281 1960 2329 2005 ἅν

229 2028 445 2067 addiderunt
472 2028 654 2078 Theognis
673 2040 707 2067 ν.
728 2029 804 2067 963
832 2029 868 2067 61
897 2028 1003 2067 Solon
1024 2029 1073 2066 36
1092 2040 1126 2067 v,
1147 2029 1206 2067 21.
1245 2030 1372 2078 poetae
1398 2029 1502 2079 lyrici
1528 2030 1767 2079 posteriorum
1794 2031 1998 2079 temporum
2024 2031 2218 2079 utrumque
2244 2040 2328 2068 cou-

227 2091 472 2129 iunctivorum
491 2101 604 2138 genus
623 2091 826 2139 promiscue
845 2091 1059 2129 admittunt.
1098 2093 1223 2139 poetae
1241 2092 1372 2129 scenici
1391 2092 1513 2130 eodem
1531 2092 1670 2130 dicendi
1689 2103 1818 2141 genere
1834 2093 2007 2137 utuntur;
2026 2103 2111 2131 nam
2128 2091 2329 2140 Aeschylus

230 2147 277 2191 α’ν
316 2163 456 2200 semper
494 2152 615 2199 addit,
655 2152 850 2200 Sophocles
888 2154 924 2190 et
950 2153 1139 2200 Euripides
1174 2154 1317 2201 saepius
1353 2154 1489 2191 addunt
1524 2165 1632 2202 quam
1660 2154 1856 2200 omittunt,
1894 2154 2155 2202 Aristophanes
2191 2164 2330 2201 semper

229 2213 407 2262 adiungit.
470 2213 677 2251 Herodotus
717 2214 800 2261 post
835 2226 1018 2262 προτερον
1050 2206 1076 2264 ἦ
1109 2214 1166 2251 vel
1200 2216 1290 2263 πρὶν
1324 2208 1350 2265 ἦ
1384 2225 1523 2263 semper
1563 2215 1698 2253 nudum
1734 2215 2001 2253 coniunctivum
2036 2215 2208 2261 assumit,
2248 2216 2330 2262 post

232 2278 323 2324 πρίν
351 2275 563 2324 plerumque
589 2267 637 2314 α’ν
664 2275 777 2321 addit,
807 2286 1063 2323 nonnunquam
1090 2276 1241 2315 omittit,
1262 2274 1291 2325 ²)

355 2336 435 2383 Qua
462 2336 577 2384 igitur
604 2337 745 2374 ratione
772 2337 852 2384 quis
891 2337 1136 2374 demonstrare
1164 2338 1311 2375 studeat
1339 2339 1540 2387 Thucydidi
1575 2339 1723 2376 eandem
1759 2339 1936 2376 scribendi
1964 2339 2179 2377 varietatem
2206 2349 2330 2376 conce-

230 2398 383 2437 dendam
410 2408 481 2436 non
508 2399 612 2436 esse?

1012 2469 1043 2508 b.
1074 2471 1246 2518 particula
1273 2464 1321 2510 liv
1347 2470 1466 2510 addita
1492 2472 1561 2510 est.

357 2543 522 2590 tempora
550 2542 767 2581 antecedunt
794 2542 1018 2588 secundaria,
1048 2543 1108 2581 sed
1136 2554 1274 2592 semper
1302 2544 1417 2582 oratio
1445 2545 1499 2582 est
1527 2544 1685 2593 obliqua.

354 2603 382 2648 I,
404 2604 465 2649 91,
488 2605 523 2640 3.
571 2604 658 2651 περὶ
684 2600 807 2640 αὐτῶν
833 2600 853 2639 ὁ
882 2602 1131 2652 Θεμιστοκλῆς
1156 2606 1233 2645 τοῖς
1258 2607 1459 2653 Αθηναιόις
1485 2604 1611 2652 κρύφα
1636 2609 1778 2652 πέμπει
1802 2604 1954 2642 κελεύων
1977 2605 2030 2655 μή
2048 2604 2209 2655 ἀφεῖναι,
2241 2609 2330 2656 πρὶν

229 2656 278 2699 c't'v
303 2660 412 2699 αὐτοὶ
437 2663 553 2700 πάλιν
579 2663 801 2711 nopae-96⁶0.
855 2664 987 2710 quibus
1016 2664 1124 2701 adde:
1154 2665 1202 2709 II,
1224 2666 1256 2710 6,
1279 2666 1312 2701 2.
1361 2666 1421 2710 84,
1446 2666 1476 2702 1.
1526 2667 1610 2710 102,
1632 2667 1667 2703 5.
1712 2667 1775 2711 IV,
1797 2667 1857 2712 97,
1879 2668 1913 2704 2.
1960 2667 2022 2712 VI,
2045 2668 2104 2712 71,
2124 2669 2159 2704 2.

352 2763 382 2802 1)
404 2764 444 2795 cf.
466 2763 557 2795 Delb.
580 2765 600 2798 1.
622 2765 643 2796 l.
665 2774 739 2804 pag.
762 2763 831 2796 185.

355 2813 387 2855 2)
411 2814 450 2848 cf.
474 2824 554 2856 quae
576 2815 636 2848 hac
658 2815 696 2849 de
718 2825 751 2849 re
772 2816 945 2858 diligenter
979 2816 1111 2849 collecta
1132 2816 1257 2849 exhibet
1289 2817 1415 2850 Sturm:
1448 2817 1699 2850 Geschichtliehe
1719 2817 1960 2859 Entwickelung
1989 2818 2045 2851 der
2073 2818 2331 2854 Constructionen

229 2866 292 2898 mit
311 2870 401 2907 πρίν.
445 2867 621 2908 Wflrzburg
642 2868 733 2901 1882.
