2485 3102
1091 86 1344 127 ...14-

292 193 328 232 d.
369 195 683 245 participium
717 197 773 235 ad
806 209 1027 246 praesens
1062 199 1341 239 historicum
1375 198 1663 237 adiunctum.

295 265 325 313 1,
350 266 436 308 136,
454 266 497 305 2:
523 264 739 316 διωκόμενος
764 264 841 306 tine*
864 266 940 305 τῶν
963 272 1188 318 τεταγμένων
1212 266 1311 306 θεαταὶ
1334 267 1471 306 πόστον
1493 257 1520 319 ᾗ
1545 269 1692 318 χωροίη,
1718 264 1963 317 &misam
1988 281 2020 305 κ.
2044 281 2076 306 τ.
2100 269 2132 307 λ.

297 385 327 411 e.
371 374 596 413 aoristus.

293 456 358 501 IV,
378 457 440 503 56,
463 458 494 494 1.
538 460 615 498 τοῖς
633 454 836 506 Ἀθηναίοις
858 457 942 496 τότε
965 459 1034 509 τήν
1050 449 1371 507 παραθαλοὲσσιον
1389 455 1521 505 δῃοῦσι
1544 456 1593 493 τοὶ
1618 460 1687 505 μὲν
1706 456 1827 493 πολλά
1853 454 2064 506 ἡσύχασαν,
2090 455 2138 499 οἷς
2164 459 2254 495 καθ’

171 514 334 567 ἑκάστην
359 515 529 568 φρουρὼ
552 516 705 567 γίγνοιτό
727 531 781 562 τις
805 515 1000 569 ἀπόβασις.

294 579 368 615 Hic
393 589 488 616 unus
513 580 571 616 est
597 580 698 617 locus
723 580 984 628 Thucydidem,
1009 591 1080 628 quo
1106 582 1247 627 tempus
1274 580 1522 626 praeteritum,
1549 580 1644 627 quod
1670 579 1862 624 antecedit,
1891 581 1946 616 est
1973 580 2141 617 aoristus.
2186 580 2256 626 Qui

172 638 284 688 vulgo
311 638 456 688 quidem
483 641 680 689 usurpatur
706 641 750 679 de
767 641 919 680 actionis
936 641 1151 689 praeteritae
1177 641 1242 679 aut
1268 641 1373 679 initio
1401 641 1466 679 aut
1492 640 1601 687 exitu,
1630 641 1737 689 prout
1763 640 1807 688 is,
1835 639 1898 690 qui
1923 640 2095 691 loquitur,
2124 640 2257 680 actioni

171 699 312 738 ineunti
331 702 490 749 opponat
516 702 702 748 eiusmodi,
729 712 820 750 quae
836 703 958 750 postea
976 702 1132 747 duravit,
1161 703 1226 739 aut
1252 702 1388 740 actioni
1414 702 1558 740 exeunti
1584 702 1770 748 eiusmodi,
1800 713 1892 751 quae
1917 704 2023 741 antea
2042 703 2257 751 praeparata

171 761 240 806 est,
277 761 340 800 sed
364 773 627 812 'nonnunquam
661 763 772 801 etiam
806 763 964 812 singulos
999 763 1152 801 actionis
1187 763 1403 811 praeteritae
1442 764 1562 802 status
1598 763 1801 801 cumulatos
1835 763 2009 810 continet,
2045 775 2067 802 a
2093 775 2162 812 quo
2188 775 2257 802 usu

173 823 384 862 nominatur
409 823 568 862 aoristus
594 824 845 873 complexivus.
898 823 942 862 cf.
971 824 1082 862 etiam
1108 823 1222 863 Class.
1250 835 1283 862 a.
1310 825 1336 862 l.

562 935 615 973 ΙΙΙ.
653 934 831 983 opt-um
854 934 911 974 eal
937 934 980 983 is,
1007 935 1066 983 qui
1092 935 1263 975 orationis
1289 935 1453 984 obliquae
1480 934 1644 984 proprius
1670 935 1877 975 nominatur.

296 1017 339 1054 In
366 1017 526 1056 oratione
552 1018 696 1067 obliqua
722 1019 786 1057 aut
812 1019 947 1056 servari
965 1019 1089 1057 modos
1117 1019 1291 1058 orationis
1309 1020 1427 1057 rectae
1453 1020 1519 1057 aut
1537 1018 1726 1056 indicativi
1754 1019 1811 1056 vel
1829 1020 2047 1058 coniunctivi
2074 1020 2112 1058 in
2138 1020 2258 1059 locum

172 1078 379 1128 optativum
405 1078 589 1119 succedere
621 1079 794 1118 vicarium
827 1079 954 1127 regula
981 1080 1094 1118 docet.
1149 1080 1274 1129 Neque
1300 1080 1528 1130 Thucydides
1562 1081 1608 1118 ab
1644 1081 1711 1118 hac
1745 1081 1824 1130 lege
1858 1081 2002 1120 recedit.
2056 1081 2108 1121 At
2135 1083 2258 1120 tamen

174 1140 439 1189 quodammodo
478 1142 608 1180 mirum
648 1142 719 1187 est,
761 1141 856 1190 quod
892 1142 988 1190 apud
1027 1142 1177 1181 eundem
1215 1143 1342 1191 quater
1382 1143 1527 1180 tantum
1568 1142 1723 1190 optativi
1763 1143 1906 1192 oblique
1943 1143 2081 1181 dicendi
2118 1145 2257 1193 generis

174 1203 402 1251 reperiuntur
426 1213 489 1251 pro
515 1203 651 1250 ingenti
677 1214 798 1240 eorum
825 1204 1067 1251 exemplorum
1094 1205 1306 1252 frequentia,
1335 1205 1372 1241 in
1399 1204 1530 1252 quibus
1549 1203 1737 1241 indicativi
1764 1204 1821 1241 vel
1848 1204 2066 1242 coniunctivi
2084 1206 2258 1243 orationis

176 1263 297 1302 rectae
338 1265 556 1303 manserunt.
616 1263 671 1302 Ac
705 1275 787 1303 cum
823 1265 1133 1304 coniunctivorum
1176 1266 1337 1315 exempla
1371 1265 1445 1304 iam
1487 1277 1596 1315 supra
1636 1265 1981 1314 enumeraverimus,
2017 1278 2111 1305 nunc
2148 1266 2258 1305 etiam

173 1316 451 1365 indicativorum
477 1337 540 1375 pro
566 1326 741 1364 immensa
768 1337 890 1365 eorum
917 1328 1010 1366 silva
1036 1328 1210 1367 nonnulla
1237 1329 1393 1377 proferre
1418 1329 1549 1377 placet.

295 1389 326 1434 I,
350 1389 411 1435 40,
440 1389 482 1426 2:
520 1386 554 1424 εἶ
574 1387 644 1435 yde
668 1387 810 1437 εἴρηται
834 1389 875 1426 ἐν
900 1390 983 1431 ταῖς
1009 1390 1192 1431 σπονδαῖς
1216 1390 1351 1434 ἐξεῖναι
1376 1390 1467 1439 παρ’
1501 1387 1703 1438 ὁποτέρους
1736 1403 1788 1432 τις
1814 1387 1887 1426 τῶν
1916 1387 2093 1439 ἀγράφων
2118 1389 2260 1427 πόλεων

168 1446 337 1496 βούλεται
360 1448 502 1486 ἐλθεῖν.
519 1478 526 1485 .
542 1477 550 1486 .
565 1477 572 1485 .
587 1445 632 1485 οὐ
645 1477 653 1485 .
668 1477 676 1485 .
690 1477 699 1485 .
715 1445 741 1499 ἤ
759 1447 930 1499 ξυνθήκη
957 1449 1068 1486 ἐστίν.
1107 1449 1208 1497 Quae
1225 1451 1256 1488 si
1275 1451 1537 1498 comparaveris
1557 1462 1640 1489 eum
1659 1451 1719 1497 35,
1741 1452 1783 1488 2:
1809 1449 1951 1500 εἴρηται
1968 1448 2038 1498 γάρ
2063 1450 2103 1488 ἐν
2128 1447 2259 1492 αὐταῖς

170 1507 245 1547 τῶν
259 1506 470 1558 Ἑλληνίδων
496 1508 649 1556 πόλεων,
674 1503 754 1559 ἥτις
778 1508 957 1558 μηδαμοῦ
980 1512 1175 1558 ξυμμαχεῖ,
1201 1511 1335 1554 ἐξεῖναι
1360 1511 1452 1561 παρ’
1478 1508 1679 1561 ὁποτέρους
1704 1504 1752 1548 ἂν
1776 1508 1980 1560 ἀρέσκηται
2003 1511 2140 1557 ἐλθεῖν,
2167 1511 2259 1549 nihil

171 1581 249 1608 esse
273 1570 441 1615 invenies,
469 1580 531 1607 cur
548 1570 666 1617 priore
692 1570 770 1607 loco
789 1570 1017 1617 Thucydides
1045 1572 1312 1609 coniunctivum
1339 1583 1468 1619 ponere
1493 1583 1563 1610 nou
1581 1573 1752 1619 potuerit.
1797 1571 1936 1618 Quibus
1955 1571 2062 1609 adde:
2090 1573 2120 1617 I,
2141 1574 2201 1618 90,
2223 1574 2257 1610 3.

171 1632 220 1678 Π,
242 1632 276 1678 5,
298 1632 332 1670 5.
379 1632 437 1677 74,
460 1632 491 1670 1.
537 1631 607 1678 ΙΠ,
628 1632 689 1678 52,
710 1632 745 1670 2.
790 1632 854 1678 IV,
875 1631 935 1678 22,
957 1632 992 1670 2.
1038 1633 1098 1679 28,
1122 1634 1154 1671 1.
1198 1633 1358 1672 ἐκέλευεν
1375 1627 1505 1684 ἥντινα
1520 1631 1690 1682 βούλεται
1715 1631 1872 1681 δύναμιν
1888 1629 2049 1682 λαβόντα
2067 1632 2259 1683 ἐπιχειρεῖν

169 1693 226 1730 vel
252 1694 335 1739 VII,
363 1694 421 1737 85,
445 1694 477 1731 l.
531 1693 633 1731 iuxta
660 1694 723 1739 IV,
745 1695 804 1739 69,
826 1695 860 1731 3.
914 1696 1118 1741 ξυνέβησαν
1142 1696 1217 1736 τοῖς
1243 1696 1549 1742 Λακεδαιμονίοις
1573 1692 1744 1743 χρῆσθαι
1777 1688 1834 1731 ὅτι
1858 1687 1906 1731 α”ν
1928 1693 2139 1742 βούλωνται.
2192 1695 2256 1741 IV,

173 1755 233 1801 97,
260 1755 296 1792 3.
347 1754 390 1801 V,
419 1755 478 1801 65,
508 1756 542 1793 3.
596 1755 660 1802 VI,
689 1755 750 1802 42,
779 1756 814 1792 2.
867 1755 970 1800 VIII,
1000 1756 1058 1801 27,
1088 1755 1121 1792 2.
1175 1755 1252 1803 (37,
1276 1757 1294 1794 1
1332 1755 1376 1794 cl.
1406 1756 1467 1801 37,
1489 1756 1511 1793 4
1538 1755 1576 1793 in
1603 1754 1768 1803 foedere).
1816 1756 1874 1802 71,
1899 1756 1930 1793 1.
1980 1756 2038 1802 76,
2061 1756 2095 1794 7.
2142 1757 2201 1803 83,
2222 1758 2257 1794 3.

172 1816 232 1863 86,
263 1817 297 1854 7.
342 1816 443 1855 alibi.

291 1879 450 1927 Denique
477 1880 603 1926 paucis
629 1879 720 1916 mihi
747 1879 948 1926 disceptare
974 1879 1083 1917 liceat
1109 1879 1152 1916 de
1179 1879 1377 1925 infinitivo,
1413 1880 1476 1928 qui
1502 1879 1540 1916 in
1567 1879 1764 1916 enuntiatis
1792 1878 1958 1916 relativis
1975 1879 2163 1917 modorum
2182 1881 2259 1918 vice

170 1939 344 1989 fungitur.
398 1939 556 1978 Verbum
583 1940 728 1978 finitum
755 1940 857 1978 enim'
877 1940 915 1977 in
942 1940 1140 1978 enuntiatis
1176 1941 1394 1979 secundariis
1428 1941 1470 1978 ut
1497 1951 1538 1977 ex
1565 1939 1727 1978 oratione
1762 1939 1861 1977 recta
1887 1941 1953 1977 aut
1979 1951 2048 1978 non
2074 1942 2260 1980 mutatum

169 2001 304 2039 transit
329 2001 368 2038 in
394 2001 591 2050 obliquam,
620 2002 684 2038 aut
712 2001 758 2038 ad
776 2002 980 2049 optativum
1008 2002 1240 2050 restringitur
1258 2003 1452 2046 mutatum,
1481 2002 1535 2039 ita
1562 2002 1673 2039 etiam
1699 2001 1737 2038 in
1763 2001 1984 2038 infinitivum
2003 2001 2102 2039 abire
2127 2003 2259 2050 potest.

170 2063 288 2110 Quare
322 2062 382 2101 hic
414 2062 617 2101 infinitivus
644 2074 727 2101 cum
753 2062 791 2101 in
818 2062 903 2101 aliis
930 2063 1126 2101 enuntiatis
1153 2065 1233 2102 tum
1260 2064 1296 2101 in
1323 2063 1486 2103 relativis
1512 2063 1708 2111 usurpatus
1742 2061 1903 2101 dubitari
1935 2062 2075 2112 nequit,
2110 2063 2196 2112 quin
2221 2064 2261 2103 in

170 2123 358 2162 modorum
392 2134 532 2173 quoque
566 2123 685 2162 locum
722 2124 945 2161 successerit.
999 2123 1053 2161 Ac
1087 2124 1322 2162 relativorum
1359 2124 1503 2173 quidem
1539 2124 1811 2161 enuntiatorum
1845 2123 2018 2161 nonnulla
2051 2134 2259 2172 proponam.

169 2186 198 2233 I,
219 2187 280 2233 91,
300 2186 334 2225 5.
373 2183 443 2236 τήν
466 2198 508 2223 τε
530 2183 600 2234 γάρ
625 2183 735 2223 πόλιν
759 2179 822 2223 ὅτε
845 2183 964 2223 ἐδόκει
988 2185 1147 2223 ἐκλιπεῖν
1171 2179 1319 2234 ἄμεινον
1343 2180 1435 2223 εἶναι
1460 2185 1523 2223 καὶ
1547 2185 1585 2227 ἐς
1608 2183 1678 2227 τοὶς
1702 2183 1792 2227 ναῦς
1817 2182 1980 2235 ἐσβῆναι,
2005 2178 2094 2223 ἄνευ
2117 2185 2260 2224 ἐκείνων

169 2248 318 2297 ἔφασαν
341 2245 483 2296 γνόντες
509 2244 712 2297 τολμῆσαι,
737 2246 800 2283 καὶ
823 2240 899 2284 ὅσα
932 2235 982 2283 αὖ
1005 2245 1083 2294 μετ’
1108 2246 1252 2284 ἐκείνων
1274 2244 1539 2296 βουλεύεσθαι,
1572 2242 1721 2288 ὀυδενός
1744 2240 1891 2294 ὕστεροι
1917 2244 2060 2295 γνώμης
2085 2243 2259 2296 φανῆναι,

171 2321 240 2358 quo
266 2311 344 2348 loco
370 2310 528 2348 crederes
555 2310 631 2347 fore
656 2311 699 2346 ut
726 2310 791 2347 aut
817 2309 993 2346 orationis
1018 2310 1136 2346 rectae
1161 2309 1380 2347 indicativus
1404 2306 1637 2357 βουλεύονται
1670 2309 1736 2346 aut
1762 2308 1936 2346 orationis
1962 2308 2130 2356 obliquae
2156 2309 2259 2356 opta—

171 2372 269 2411 tivus
295 2372 495 2421 poneretur.
550 2371 690 2420 Quibus
716 2371 825 2410 adde:
861 2371 910 2417 ΙΙ,
942 2372 999 2417 13,
1028 2372 1063 2409 5.
1117 2371 1177 2417 24,
1206 2372 1240 2409 2.
1294 2370 1358 2417 IV,
1387 2371 1447 2417 98,
1475 2370 1510 2408 4.
1566 2370 1609 2417 V,
1639 2370 1699 2416 28,
1731 2370 1763 2407 1.
1817 2370 1877 2416 45,
1899 2370 1934 2407 2.
1979 2370 2040 2417 46,
2060 2371 2095 2408 3.
2142 2370 2202 2415 63,
2222 2371 2258 2408 4.

171 2434 234 2479 vl,
261 2434 321 2480 24,
349 2435 385 2470 3.
436 2435 497 2479 25,
525 2435 560 2471 2.
612 2429 687 2470 ὅσα
717 2437 843 2479 μεντοι
875 2426 949 2483 ἤδη
984 2432 1102 2468 δοκεῖν
1136 2430 1239 2481 αὐτῷ
1270 2434 1373 2470 iuxta
1406 2426 1493 2469 ὅσαι
1525 2424 1574 2467 ἂν
1605 2429 1752 2477 δοκῶσι,
1778 2442 1871 2479 quae
1896 2432 2023 2469 statim
2051 2433 2258 2479 sequuntur.

171 2495 232 2541 64,
253 2496 287 2534 3.
333 2495 436 2542 VIII,
457 2496 491 2542 2,
515 2497 548 2535 1.
594 2496 656 2542 27,
677 2496 713 2534 3.
761 2495 822 2542 48,
845 2496 880 2533 5.
928 2494 990 2541 48,
1012 2495 1046 2533 6.

294 2556 459 2594 Ceterum
478 2567 565 2595 cave
582 2556 778 2594 confundas
805 2556 895 2593 haec
920 2555 1082 2603 exempla
1109 2567 1190 2593 cum
1216 2556 1274 2601 iis,
1302 2556 1339 2593 in
1366 2556 1497 2604 quibus
1516 2565 1708 2602 pronomen
1736 2555 1930 2592 relativum
1957 2555 2078 2602 partes
2104 2555 2262 2602 suscepit

172 2619 373 2669 particulae
397 2613 493 2657 ὥστε
517 2619 767 2659 consecutivae
793 2618 942 2668 ideoque
969 2617 1079 2657 etiam
1108 2618 1308 2658 infinitivus
1337 2618 1444 2658 aliter
1470 2617 1524 2656 est
1554 2616 1795 2667 explicandus.
1830 2616 1876 2656 cf.
1896 2617 1926 2664 Ι,
1947 2618 1982 2665 2,
2003 2617 2045 2656 2:
2072 2613 2261 2665 νεμόμενοι

169 2694 211 2718 τε
234 2679 284 2717 τά
309 2677 431 2717 αὐτῶν
457 2681 605 2719 ἔκαστοι
629 2676 720 2719 ὅσον
744 2678 905 2730 ἀποζῆν.
950 2682 1019 2727 ΙΙΙ,
1040 2682 1101 2728 49,
1122 2683 1157 2719 4.
1202 2682 1265 2727 VI,
1287 2682 1347 2727 72,
1368 2683 1402 2719 3.
1448 2691 1554 2728 quem
1581 2680 1700 2718 locum
1727 2680 1919 2718 Classenus
1945 2690 2014 2717 non
2041 2680 2137 2717 recte
2163 2688 2261 2715 com-

170 2743 279 2791 parat
304 2753 388 2781 cum
415 2742 478 2790 VI,
497 2744 557 2791 24,
578 2745 613 2782 3.
658 2743 762 2789 VIII,
786 2743 847 2789 72,
871 2744 903 2781 1.

295 2804 367 2842 Sed
391 2805 480 2842 haec
505 2806 649 2853 quidem
674 2807 743 2843 hac
769 2805 886 2843 tenus.
940 2807 1020 2843 Iam
1047 2807 1094 2844 ad
1120 2817 1163 2843 ea
1188 2805 1349 2852 exempla
1375 2806 1612 2847 transeamus,
1649 2805 1685 2840 in
1711 2804 1844 2851 quibus
1870 2804 2056 2851 optativus
2083 2801 2259 2839 orationis

168 2866 339 2917 obliquae
364 2865 552 2915 reperitur.
612 2867 676 2915 IV,
704 2867 763 2914 71,
792 2867 827 2905 2.
879 2859 1037 2918 ἤλπιζον
1061 2866 1131 2917 γάρ
1157 2867 1220 2905 καὶ
1243 2864 1368 2915 μάχην
1404 2863 1567 2915 ἑκάτεροι
1600 2866 1761 2903 ἔσεσθαι
1792 2861 1865 2902 τῶν
1898 2878 1938 2902 τε
1970 2860 2170 2913 Ἀθηναίων
2195 2859 2258 2898 καὶ
