2485 3102
1091 121 1347 184 ‚23-

268 279 270 281 ·
1028 256 1067 295 4.
1093 257 1181 294 ἐπεί
1201 258 1238 295 et
1264 257 1407 307 ἐπειδή.

298 320 455 372 optativi
480 322 568 360 sunt
592 319 756 378 iterativi
782 320 818 359 et
843 320 1008 368 tempora
1034 318 1249 357 antecedunt
1274 318 1496 367 imperfecta.

299 383 332 429 1,
351 383 413 429 49,
433 384 470 420 3.
513 379 647 429 ἐπειδη*
669 378 742 428 γάρ
759 378 1015 428 προσβάλοιεν,
1037 375 1082 416 οὐ
1106 379 1242 427 ῥᾳδίως
1258 376 1472 416 ἀπελύωτο.
1516 380 1564 424 11,
1589 380 1645 425 10,
1665 381 1699 417 2.
1745 381 1826 426 vn,
1848 381 1907 426 44,
1929 381 1963 417 8.
2012 381 2070 424 70,
2092 381 2127 416 5.
2157 380 2260 424 vm,

180 444 240 490 38,
261 444 296 482 5.
340 442 425 480 ἐπεὶ
447 439 503 491 μή
526 437 776 487 &inavarum
801 435 1076 488 ἀναχωροῦντες
1100 436 1215 475 πάλιν
1239 435 1439 489 ἡσύχαζον.

303 502 490 552 optativus
524 511 635 548 aeque
669 510 711 537 ac
745 499 808 544 IV,
842 500 925 544 111,
949 500 967 536 1
1012 498 1273 536 assimilatione
1308 499 1462 547 quadam
1497 503 1595 539 ortus
1630 503 1695 539 est.
1743 502 1824 548 VII,
1853 503 1913 548 80,
1936 503 1970 540 5.
2024 500 2260 550 ἐπορεύοντο,

176 558 292 610 ὅπως,
317 559 449 611 ἐπειδή
473 564 631 608 γένοιντο
655 559 722 597 ἐπὶ
755 557 809 608 τῷ
833 557 1005 608 ποταμῷ,
1032 557 1141 607 παραὶ
1165 558 1229 596 τᾶν
1254 558 1425 607 ποταμόν
1451 560 1534 598 ἴοιεν
1559 556 1635 599 ἄνω
1661 562 1723 599 crus*
1747 566 1945 611 μεσογείας.

1143 638 1180 678 5.
1207 643 1312 690 Πρίν.

300 703 455 741 oratio
495 703 566 740 est
605 702 808 748 obliqua.
869 701 937 746 ΠΙ,
970 701 1031 746 22,
1066 702 1101 738 8.
1141 702 1376 748 παρανῖσχον
1410 702 1603 750 φρυκτούς,
1642 699 1743 746 ὅπως
1779 705 1833 754 μή
1869 707 2045 755 βοηθοῖεν
2086 699 2177 743 ἄλλο
2225 720 2261 742 τι

173 766 392 813 νομίσαντες
414 761 458 801 τό
482 761 685 811 γιγνόμενον
708 754 735 813 ἢ
758 760 803 800 τό
827 755 882 808 ὃν,
908 762 998 811 πρὶν
1023 760 1129 811 σφῶν
1153 760 1190 799 οἵ
1212 754 1343 811 ἄνδρες
1368 762 1574 810 διαφύγοιεν
1599 766 1660 802 καὶ
1683 764 1749 803 τοῦ
1780 764 1972 815 ἀσφαλοῦς
2007 763 2259 815 «ἐπιλάβοιντο

176 826 215 864 et
240 825 295 864 IV
315 824 400 871 117,
422 825 456 863 1.

242 894 244 899 ’
302 886 403 924 Haec
428 885 541 924 habui
568 876 740 933 exempla,
777 885 908 933 quibus
934 884 1122 923 modorum
1159 884 1337 923 delectum
1364 896 1469 933 quem
1504 885 1588 924 fecit
1616 888 1837 936 Thucydides
1865 889 1902 926 in
1940 889 2137 927 enuntiatis
2165 890 2260 926 tem-

178 947 363 995 poralibus
389 946 625 984 illustrarem.
679 946 794 992 Quem
821 946 853 982 si
888 945 1002 983 denuo
1036 946 1221 993 paulisper
1255 945 1442 983 nobiscum
1477 944 1771 995 perpenderimus,
1809 950 1862 987 ita
1897 949 1970 987 fere
2007 951 2259 997 comparatum

176 1019 255 1048 esse
279 1008 515 1048 inveniemus.

1067 1058 1093 1097 Ι.
1119 1057 1375 1098 coniuneuvns.

302 1143 336 1171 a.
364 1131 716 1171 coniunctivum
749 1130 993 1179 particula
1026 1124 1081 1168 ἄν
1115 1132 1288 1169 omissa
1328 1131 1620 1179 Thucydides
1655 1135 1854 1180 quatuor
1893 1134 2015 1172 locis
2055 1134 2256 1171 admisit

361 1203 412 1231 ac
451 1192 634 1241 quidem
675 1192 747 1230 ter
785 1192 890 1240 post
929 1192 1144 1240 tempora
1183 1192 1481 1234 secundaria,
1527 1193 1665 1230 semel
1705 1194 1748 1231 in
1788 1194 2002 1233 oratione
2041 1195 2259 1244 obliqua.

362 1255 486 1294 Idem
511 1255 557 1293 in
582 1254 792 1293 foederis
810 1255 1103 1293 monumento
1130 1254 1270 1293 semel
1296 1254 1442 1292 nudus
1469 1255 1656 1302 legitur.
1697 1256 1815 1302 Quod
1840 1257 2063 1304 peculiare
2081 1257 2259 1295 dicendi

360 1326 504 1365 genus
543 1326 621 1353 cur
655 1326 679 1353 a
714 1314 1005 1364 Thucydidis
1040 1315 1257 1364 loquendi
1284 1316 1470 1353 ratione
1505 1315 1704 1354 alienum
1744 1317 1826 1364 sit,
1867 1328 1944 1356 nec
1981 1318 2134 1356 causis
2175 1328 2258 1355 nec

360 1378 544 1417 ratione
571 1377 948 1415 demonstratum
975 1378 1059 1415 est.

299 1438 336 1476 b.
367 1438 726 1476 coniunctivum
768 1437 1008 1485 particula
1048 1429 1104 1474 ἄν
1145 1437 1308 1475 addita
1355 1437 1572 1476 adhibuit
1612 1439 1841 1488 sexagies,
1891 1440 1995 1488 post
2044 1441 2259 1488 tempora

362 1499 590 1549 primaria
622 1500 790 1538 tricies
824 1499 913 1546 bis,
948 1501 1051 1547 post
1085 1501 1296 1547 tempora
1331 1501 1609 1538 secundaria
1642 1502 1956 1539 duodetricies
1991 1514 2041 1539 ac
2075 1503 2259 1550 quidem

366 1561 516 1599 vicies
551 1561 693 1599 semel
736 1561 780 1598 in
820 1560 1035 1599 oratione
1069 1560 1265 1608 obliqua
1300 1562 1343 1598 et
1379 1561 1555 1609 septies
1600 1563 1702 1609 post
1740 1563 1946 1610 tempora
1983 1562 2262 1611 plerumque

364 1622 637 1661 infinitivis
672 1624 753 1661 aut
779 1622 1060 1670 participiis
1086 1623 1518 1660 aut'coniunctivis
1554 1625 1738 1669 ornata,
1775 1624 1843 1661 ita
1876 1626 1927 1660 ut
1954 1635 2042 1661 non
2069 1626 2167 1661 tam
2205 1625 2262 1661 ab

363 1683 472 1721 illis
506 1694 639 1732 quam
674 1684 727 1721 ab
753 1683 827 1721 his
862 1683 1114 1721 enuntiata
1140 1682 1419 1721 secundaria
1450 1683 1749 1731 dependeant.
1804 1683 1928 1722 Idem
1955 1684 1999 1721 in
2031 1684 2263 1722 foederum

361 1745 677 1782 monumentis
711 1746 882 1792 quater
907 1746 1012 1791 post
1038 1746 1248 1791 tempora
1282 1745 1532 1791 primaria,
1571 1746 1716 1782 semel
1751 1746 1795 1781 in
1831 1746 2045 1782 oratione
2071 1745 2264 1792 obliqua

363 1805 628 1844 invenitur.

423 1867 484 1904 Ex
510 1877 595 1915 quo
629 1866 898 1915 colligitur,
935 1867 1290 1904 coniunctivum
1323 1867 1470 1905 toties
1504 1867 1600 1905 fere
1626 1867 1851 1915 primaria
1884 1866 2016 1915 sequi
2053 1868 2263 1914 tempora

361 1928 550 1978 quoties
577 1927 873 1977 secundaria.

1097 1979 1136 2018 ΙΙ.
1164 1978 1355 2028 optativus.

424 2051 684 2101 Optativus
711 2051 885 2101 ubique
911 2053 1014 2101 post
1041 2054 1255 2101 tempora
1282 2052 1563 2091 secundaria
1589 2052 1690 2090 usui
1716 2054 1784 2090 est
1810 2052 2094 2101 quadragies
2114 2052 2264 2089 sexies

361 2115 502 2163 atque
527 2113 771 2162 particula
798 2107 854 2151 ἄν
879 2115 1052 2163 ubique
1078 2114 1223 2153 deest.

300 2187 334 2215 a.
367 2176 617 2224 optativus
643 2175 908 2214 iterativus
934 2176 1121 2224 proprie
1148 2176 1201 2214 ad
1228 2176 1436 2223 tempora
1463 2176 1733 2223 imperfecta
1759 2175 1958 2223 velqnae
1985 2186 2138 2212 eorum
2166 2175 2263 2212 vice

361 2236 629 2287 funguntur
656 2236 923 2285 applicatus
950 2237 1198 2275 invenitur
1223 2236 1644 2286 undequadragies.

299 2299 493 2337 Attamen
510 2299 729 2336 monendum
748 2299 814 2344 est,
842 2299 1024 2336 notionem
1043 2299 1119 2336 eius
1137 2299 1347 2336 iterativam
1370 2299 1424 2335 ita
1441 2299 1586 2336 tantum
1603 2298 1765 2342 inveniri,
1792 2300 1834 2335 ut
1853 2298 2009 2334 actiones
2028 2296 2260 2334 secundariae

177 2361 242 2398 aut
277 2359 400 2398 eodem
434 2360 595 2408 tempore
630 2360 828 2409 congruant
862 2370 943 2397 cum
959 2385 963 2388 -
980 2360 1164 2408 primariis
1201 2360 1265 2397 aut
1297 2370 1357 2397 eas
1395 2360 1625 2405 antecedant,
1664 2370 1846 2407 nunquam
1879 2359 1949 2403 ita,
1991 2359 2033 2395 ut
2073 2368 2134 2394 eas
2170 2357 2261 2395 sub·

178 2423 386 2470 sequantur.
439 2420 544 2468 Quod
574 2431 657 2458 cnm
685 2431 772 2458 casu
797 2420 876 2458 fieri
902 2422 1066 2469 nequeat,
1102 2420 1139 2457 in
1175 2420 1252 2458 sola
1289 2421 1576 2458 enuntiationum
1608 2419 1899 2468 subsequentium
1934 2419 2065 2456 natura
2098 2418 2259 2466 positum

176 2494 253 2523 esse
279 2484 441 2533 apparet,
480 2493 634 2532 quarum
669 2482 828 2521 actiones
863 2482 910 2521 ad
944 2484 1087 2531 tempus
1124 2482 1288 2520 futurum
1325 2482 1461 2520 relatae
1497 2482 1758 2530 inexploratum
1795 2481 2009 2528 relinquant,
2048 2480 2173 2518 utrum
2211 2479 2258 2517 ad

176 2545 344 2583 eventum
371 2544 529 2593 aliquem
556 2544 818 2592 assequendum
843 2544 1010 2582 futurum
1036 2544 1086 2582 sit
1112 2544 1155 2582 ut
1180 2544 1356 2582 iterentur
1382 2553 1499 2581 necne.

299 2606 335 2646 b.
369 2605 639 2655 optativum
672 2605 969 2645 coniunctivi
1011 2605 1242 2645 vicarium
1276 2605 1495 2654 quinqies
1537 2603 1757 2652 legimus,
1798 2603 1869 2641 bis
1905 2603 2011 2651 post
2048 2604 2262 2650 tempora

359 2667 646 2716 secundaria
689 2667 826 2714 nuda,
872 2668 944 2705 bis
988 2668 1222 2705 modorum
1270 2666 1627 2704 assimilatione
1666 2665 1858 2713 quadam
1898 2666 2069 2710 ortum,
2120 2665 2263 2702 semel

361 2726 406 2778 (I,
434 2729 496 2771 91,
526 2728 577 2777 3),
616 2728 698 2767 ubi
736 2741 785 2767 ex
828 2729 1051 2778 analogia
1087 2728 1394 2776 exemplorum
1437 2727 1817 2764 eadem.rati0ne
1858 2725 2262 2764 conformatorum

363 2790 701 2828 coniunctivus
729 2789 987 2827 servandus
1015 2789 1164 2827 fuisse
1190 2788 1389 2826 videtur.
1444 2786 1666 2834 Sequitur
1700 2787 1805 2834 post
1839 2788 2049 2834 tempora
2093 2796 2263 2824 secun-

355 2850 494 2890 daria·
533 2862 555 2889 a
601 2850 878 2899 Thucydide
919 2851 1067 2890 toties
1101 2851 1195 2889 fere
1240 2849 1588 2887 coniunctivum
1637 2849 1819 2895 quoties
1868 2849 2135 2896 optativum
2176 2859 2260 2886 usu

362 2912 532 2951 venire.
586 2911 647 2961 (cf.
676 2912 706 2960 Ι,
734 2911 785 2961 b).
