2485 3102
1087 125 1311 161 -9-

163 250 309 280 numero
334 240 598 279 moderatorum
624 238 810 277 hominum
836 236 921 275 sunt
946 235 1119 282 habendi,
1158 235 1360 285 quicunque
1395 234 1566 272 secundas
1600 246 1655 273 res
1690 236 1784 274 inter
1819 236 1990 285 ambigua
2017 237 2099 274 tuto
2127 234 2238 273 collo-

163 304 334 341 caverunt
360 323 408 330 —-
436 313 521 339 nam
547 301 656 338 iidem
683 300 795 337 etiam
822 298 979 336 adversis
1006 297 1105 334 haud
1131 297 1204 335 scio
1232 308 1277 335 an
1302 297 1511 344 prudentius
1539 299 1717 335 occursuri
1746 299 1817 337 sint
1846 318 1891 325 ——
1919 299 1954 336 et
1981 299 2025 336 de
2051 298 2148 336 bello
2176 297 2238 345 qui

164 363 449 402 existimaverint
483 374 554 400 non
580 373 621 399 ex
647 361 784 409 quanta
811 359 888 397 eius
920 358 1023 406 parte
1049 356 1181 406 aliquis
1208 357 1245 395 id
1272 358 1429 396 tractare
1455 358 1560 404 velit,
1596 370 1633 397 se
1661 359 1751 397 hanc
1776 361 1915 408 partem
1942 360 2139 408 suscipere,
2177 357 2239 396 sed

163 426 270 473 prout
296 435 400 462 casus
427 423 497 460 sibi
523 423 630 459 duces
656 421 792 458 fuerint
819 439 866 445 —
894 429 978 455 nam
1004 418 1030 454 ii
1057 419 1096 454 in
1123 419 1286 455 secundis
1312 420 1418 455 rebus
1445 420 1529 465 suis,
1559 422 1598 456 ut
1621 431 1709 467 quae
1728 422 1877 458 stabiles
1896 432 1965 458 non
1985 422 2070 464 sint,
2099 420 2238 458 bellum

164 488 384 534 component.
414 506 460 512 —
489 484 541 522 Ut
568 483 664 521 enim
691 480 869 519 Horatius
897 479 1004 517 dicit:

747 542 888 590 ,sperat
913 540 1057 578 infestis
1083 541 1214 578 metuit
1242 541 1404 578 secundis

746 603 921 648 ‚alteram
947 603 1081 639 sortem
1107 602 1195 639 bene
1221 604 1474 650 praeparatum
1501 605 1659 651 pectus‘.

288 668 511 708 Indicativus
539 668 670 704 ἔθεντο
697 665 812 710 igitur
839 663 1019 713 significat
1046 664 1234 711 actionem,
1263 675 1353 713 quae
1379 676 1416 702 re
1442 676 1524 703 vera
1547 667 1739 713 praeterita
1763 668 1817 705 est
1835 667 1981 716 ideoque
2001 666 2239 715 experientiae

167 732 346 776 succedit,
337 745 345 754 ·
373 729 557 778 optativus
584 720 633 764 ἅν
659 725 839 774 particula
866 726 1014 763 ornatus
1041 726 1097 763 est
1122 726 1330 773 potentialis
1358 737 1462 774 quem
1489 729 1615 765 vocant
1638 729 1806 776 temporis
1824 730 2041 776 praesentis;
2070 729 2240 767 coniunc-

165 794 264 830 tivus
288 794 464 839 νομίσωσι
490 788 730 827 condicionem
758 787 877 824 animo
905 786 1103 835 cogitatam
1130 787 1313 835 designat,
1349 799 1420 835 qua
1454 789 1604 825 actionis
1631 790 1819 835 primariae
1846 791 1991 828 effectus
2018 792 2171 836 tenetur,
2201 791 2238 826 et

165 854 243 891 ideo
269 850 529 925 quodammodo
555 849 736 886 notionem
762 848 877 885 futuri
905 847 1067 894 suscipit.
1121 848 1259 895 Quibus
1287 849 1392 886 adde:
1421 850 1483 895 IV,
1516 851 1571 895 17,
1601 851 1634 887 2.
1671 849 1753 892 τούς
1779 852 1820 887 δὲ
1844 850 1968 898 λόγους
1992 855 2240 899 μακροτέρους

166 912 210 951 οὐ
234 926 341 960 παρα
366 910 409 948 vo*
433 909 566 952 εἰωθός
568 907 831 980 Ἂμηκυνοῦμεν,
856 907 934 946 αλλ’
954 908 1146 958 ἐπιχώριον
1172 922 1214 947 ον
1238 908 1326 959 ημῖν
1350 924 1393 949 ου
1415 914 1482 958 μὲν
1501 914 1644 959 βραχεῖς
1670 908 1806 959 αρκῶσι
1822 912 1875 962 μή
1894 912 2041 953 πολλοῖς
2058 910 2240 961 χρῆσθαι,

166 974 309 1011 πλείοσι
343 973 397 1018 δὲ,
431 971 471 1008 ἐν
496 961 526 1021 ᾧ
559 983 606 1007 αν
632 968 755 1018 καιρός
787 984 809 1020 ῃ
837 983 868 1006 κ.
893 983 925 1006 τ.
951 970 1001 1016 λ.,
1040 970 1103 1007 ubi
1138 971 1174 1007 et
1208 971 1343 1007 nudum
1378 973 1412 1008 et
1447 964 1494 1007 οὶν
1528 973 1703 1019 particula
1730 973 1945 1010 instructum
1972 972 2241 1009 coniunctivum

167 1035 268 1071 iuxta
295 1033 485 1099 invenimis
512 1043 624 1079 aeque
650 1033 757 1079 atque
784 1032 877 1079 apud
904 1032 1128 1069 Herodotum
1155 1033 1204 1074 ΙΙ,
1226 1034 1285 1070 85.
1326 1033 1423 1070 Nam
1441 1034 1572 1070 temere
1597 1034 1654 1071 hic
1672 1034 1939 1081 Herwerdenus,
1962 1034 2064 1072 Stud.
2084 1044 2167 1081 pag
2192 1034 2239 1070 51

125 1089 127 1091 ’
167 1095 214 1133 ad
240 1094 393 1143 priorem
423 1088 471 1131 ἄν
497 1092 698 1131 addendum
725 1103 802 1130 esse
828 1094 953 1141 putat,
990 1094 1026 1130 et
1053 1093 1168 1130 altera
1195 1104 1235 1130 ex
1262 1095 1365 1141 parte
1392 1093 1555 1131 Stahlius
1583 1094 1651 1131 sibi
1678 1096 1844 1132 constans
1871 1106 1940 1132 non
1967 1096 2034 1140 est,
2075 1105 2156 1131 cum
2183 1094 2243 1130 hic

163 1156 300 1194 nudum
327 1155 500 1193 admittat
526 1155 803 1200 coniunctivum‚
831 1166 937 1202 quem
963 1155 1032 1200 ΙΙΙ,
1061 1155 1122 1200 43,
1152 1156 1174 1191 5
1201 1155 1322 1193 tollat.

292 1215 459 1256 Ceterum
485 1216 701 1255 monendum
727 1226 803 1255 esse
830 1216 972 1255 videtur
998 1216 1080 1264 VII,
1110 1217 1169 1264 25,
1201 1217 1219 1256 1
1249 1217 1318 1256 huc
1345 1217 1467 1256 referri
1495 1229 1564 1256 non
1590 1218 1705 1257 licere.
1758 1218 1983 1268 Quamquam
2008 1217 2101 1255 enim
2120 1227 2241 1255 omnes

169 1279 257 1316 libri
283 1279 520 1325 manuscripti
547 1279 737 1315 exhibeant
764 1277 871 1325 οἵπερ
906 1280 1046 1325 praeter
1073 1290 1184 1316 unum
1211 1280 1428 1317 Vaticanum
1454 1282 1505 1326 B,
1541 1283 1660 1317 tamen
1696 1281 1802 1317 huius
1838 1275 1939 1321 ὅπως
1964 1280 2080 1317 solum
2115 1279 2244 1315 rescri-

172 1340 329 1378 bendum
356 1341 412 1377 est
439 1350 548 1388 aeque
575 1350 616 1377 ac
642 1352 682 1375 τε
707 1339 899 1387 particula,
928 1350 1035 1387 quam
1063 1340 1160 1377 solus
1187 1340 1281 1378 idem
1307 1341 1389 1385 fert,
1418 1342 1511 1390 quod
1538 1342 1781 1379 coniunctivus
1800 1342 1837 1378 in
1855 1340 2052 1378 enuntiatis
2079 1339 2243 1377 relativis

173 1402 268 1449 apud
295 1401 540 1449 Thucydidem
567 1411 744 1447 nusquam
771 1401 921 1438 inservit
948 1401 1096 1438 consilio
1123 1402 1323 1447 indicando,
1352 1403 1413 1439 sed
1439 1404 1515 1439 eius
1541 1404 1579 1439 in
1605 1404 1721 1440 locum
1746 1404 1876 1450 ubique
1893 1403 2110 1439 indicativus
2130 1401 2244 1437 futuri

174 1462 268 1511 quod
294 1463 424 1500 vocant
450 1461 570 1500 finalis
598 1461 769 1499 successit
788 1459 828 1509 1).

941 1553 975 1592 b.
1003 1553 1174 1601 particula
1200 1547 1247 1591 ἄν
1273 1554 1391 1593 addita
1416 1556 1484 1595 est.

300 1627 332 1664 1.
373 1636 601 1673 praesens.

293 1688 341 1734 II,
372 1688 430 1734 34,
461 1689 496 1725 6.
535 1685 688 1725 ἐπειδᾶν
707 1687 749 1724 δὲ
773 1684 941 1735 κρύψωσι
957 1686 1013 1737 γῇ,
1039 1684 1134 1737 ἀνήρ
1159 1685 1339 1737 ᾑρημένος
1364 1685 1441 1727 rino*
1466 1688 1531 1740 τῆς
1556 1687 1705 1737 πόλεως,
1731 1683 1770 1732 ὃς
1797 1682 1843 1727 ἄν
1868 1687 1986 1738 γνώμῃ
2013 1700 2052 1724 τε
2077 1684 2168 1737 δοκῇ
2193 1684 2246 1736 μή

173 1744 346 1792 α’ξύνετος
371 1744 464 1785 εἶναι
488 1749 550 1785 καὶ
574 1744 754 1796 ἀξιώματι
778 1745 936 1797 προήκῃ,
962 1747 1054 1796 λέγει
1085 1747 1147 1784 ἐπ’
1174 1746 1298 1791 αὐτοῖς
1324 1751 1476 1787 ἔπαινον
1501 1748 1564 1787 τόν
1589 1755 1792 1799 πρέποντα.

296 1811 325 1853 Ι,
347 1811 405 1856 21,
427 1812 461 1847 2.
498 1811 557 1856 35,
579 1811 613 1847 4.
649 1811 709 1855 37,
730 1810 765 1847 4.
802 1810 861 1856 42,
884 1811 919 1847 2.
947 1809 1008 1857 (cl.
1037 1811 1096 1856 42,
1126 1812 1148 1848 3
1175 1803 1272 1859 κᾶν.)
1303 1812 1360 1857 70,
1383 1813 1417 1849 2.
1459 1812 1517 1857 70,
1540 1812 1572 1849 7.
1616 1812 1673 1857 71,
1698 1813 1728 1849 1.
1766 1813 1823 1858 71,
1845 1813 1877 1849 5.
1918 1812 1975 1857 77,
1997 1812 2032 1848 2.
2060 1810 2107 1855 ΙΙ,
2130 1810 2189 1855 34,
2211 1810 2247 1846 3.

177 1872 237 1919 34,
258 1873 291 1909 6.
327 1873 386 1918 35,
408 1872 442 1909 2.
472 1872 531 1918 44,
565 1873 595 1918 1,
638 1872 672 1917 2,
703 1872 736 1908 3.
779 1872 839 1917 45,
870 1872 903 1908 2.
946 1872 1005 1918 62,
1035 1873 1069 1910 4.
1098 1872 1167 1919 ΠΙ,
1189 1873 1249 1918 37,
1279 1873 1301 1909 2
1330 1872 1430 1922 (bis).
1482 1874 1539 1919 77,
1569 1875 1602 1911 5.
1644 1874 1707 1920 IV,
1745 1875 1798 1919 17,
1832 1875 1862 1920 1,
1892 1874 1926 1910 2.
1982 1873 2037 1917 18,
2067 1873 2103 1908 4.
2146 1871 2247 1911 85,6

176 1934 237 1980 (cf.
264 1926 310 1985 ἦν
335 1934 494 1981 ibidem).
540 1935 601 1974 92,
632 1935 664 1970 1.
702 1932 772 1969 εἶσὶ
797 1933 921 1983 δήπου
947 1934 1113 1981 πολέμιοι
1138 1936 1177 1971 ἐν
1202 1925 1232 1983 (33
1256 1949 1295 1972 τε
1321 1928 1371 1971 οἲν
1394 1938 1511 1983 χωρίῳ
1526 1934 1795 1984 καταληφθῶσι
1821 1935 1881 1971 καὶ
1905 1929 1997 1970 ὅθεν
2022 1931 2245 1973 ἐπελθόντες

176 1993 335 2042 πολέμια
372 1995 548 2045 ἔδρασαν.
604 1995 663 2042 92,
701 1995 735 2033 2.
792 1995 874 2041 126,
897 1996 931 2033 6.
984 1995 1026 2042 V,
1049 1996 1107 2043 65,
1136 1997 1171 2035 4.
1215 1997 1297 2044 105,
1328 1997 1362 2035 2.
1416 1996 1477 2043 VI,
1508 1997 1541 2043 9,
1571 1996 1605 2034 2.
1663 1997 1718 2042 11,
1748 1996 1782 2033 3.
1836 1994 1879 2033 cf.
1908 1994 2020 2032 Class.
2063 2005 2096 2031 a.
2124 1993 2149 2031 1.
2181 1993 2247 2038 14,

177 2056 240 2091 ubi
276 2049 323 2105 ἦν
357 2068 411 2095 τις
447 2058 692 2103 exspectamus
730 2057 897 2092 similiter
934 2068 975 2093 ac
1016 2059 1073 2102 16,
1103 2060 1136 2093 3.
1191 2060 1247 2103 16,
1278 2061 1311 2095 5.
1365 2060 1422 2099 18,
1452 2061 1486 2095 5.
1537 2060 1595 2103 23,
1626 2060 1659 2100 2,
1695 2059 1757 2094 ubi
1792 2058 2018 2094 enuntiatum
2053 2056 2248 2092 relativum

176 2116 363 2165 respondet
400 2117 633 2155 condicionali
670 2117 849 2166 particula
885 2111 932 2168 ἦν
967 2117 1182 2158 introducto,
1237 2120 1296 2166 31,
1327 2120 1361 2158 3.
1411 2120 1470 2166 92,
1500 2119 1524 2156 4
1560 2117 1644 2168 (bis)
1682 2119 1763 2165 VII,
1794 2118 1851 2164 29,
1881 2118 1914 2155 4.
1959 2117 2017 2162 62,
2047 2117 2081 2154 4.
2125 2116 2184 2161 63,
2217 2116 2249 2152 1.

178 2179 238 2225 68,
268 2180 303 2216 3.
345 2179 404 2226 77,
433 2180 468 2223 4,
497 2180 532 2218 5.

300 2240 335 2278 2.
363 2241 622 2288 perfectum
648 2252 879 2289 praesens.

300 2301 329 2348 I,
368 2301 451 2349 140,
484 2303 516 2341 1.
556 2300 625 2352 τήν
656 2300 782 2352 τύχην,
819 2296 893 2340 ὅσα
924 2294 972 2339 α”ν
1005 2301 1113 2353 παροὶ
1145 2301 1250 2351 λόγον
1284 2300 1413 2353 ξυμβῇ,
1447 2300 1631 2351 εἰώθαμεν
1665 2300 1869 2339 αἰτιᾶσθαι.
1922 2300 1965 2337 cl.
1994 2300 2049 2336 ΙΙΙ
2077 2299 2136 2345 39,
2166 2300 2189 2335 4
2216 2300 2252 2335 et

178 2363 222 2408 V,
254 2364 312 2409 10,
343 2364 378 2401 5.

299 2425 328 2470 I,
358 2425 417 2471 35,
448 2426 481 2463 2.
522 2424 662 2474 εἴρηται
686 2423 758 2463 τῶν
782 2422 993 2475 Ἑλληνίδων
1019 2423 1160 2462 πόλεων
1185 2419 1264 2475 ἥτις
1288 2424 1465 2475 μηδαμοῦ
1489 2426 1680 2473 ξυμμαχεΐ,
1706 2424 1838 2467 ἐξεῖναι
1863 2425 1953 2471 παρ’
1980 2419 2179 2470 ὁποτέρους
2205 2414 2253 2457 α”ν

177 2481 380 2535 ἀρέσκηται
404 2485 538 2523 ἐλθεῖν.
591 2487 651 2535 (cl.
684 2488 768 2533 135,
798 2486 848 2535 3.)

301 2548 336 2586 3.
364 2549 694 2596 imperativus,

299 2609 348 2657 ΙΙ,
381 2611 438 2656 11,
468 2612 502 2649 9.
543 2610 679 2649 ἕπεσθ’
713 2604 791 2660 ὅπῃ
825 2603 872 2648 ἄν
904 2623 958 2654 τις
990 2607 1122 2661 ἡγῆται
1148 2613 1182 2649 et
1210 2612 1291 2658 VII,
1322 2612 1380 2658 68,
1416 2612 1445 2658 1,
1482 2611 1544 2648 ubi
1571 2610 1817 2648 coniunctivus
1844 2608 2095 2646 adhortativus
2123 2609 2253 2646 exstat.

301 2670 517 2720 Saepissime
551 2673 786 2721 imperativus
820 2674 878 2710 vel
912 2674 973 2721 qui
1008 2674 1084 2711 eius
1119 2674 1156 2710 in
1190 2674 1309 2711 locum
1344 2673 1499 2711 succedit
1533 2673 1731 2709 infinitivus
1758 2672 1982 2719 reperiuntur
2008 2672 2047 2708 in
2073 2671 2256 2708 foederum

179 2733 358 2780 contextu,
395 2733 467 2781 qui,
504 2745 722 2783 quamquam
748 2746 817 2773 non
844 2746 884 2772 ex
911 2735 1023 2782 ipsius
1051 2735 1270 2784 Thucydidis
1298 2734 1472 2772 scribendi
1499 2734 1635 2771 ratione
1661 2733 1842 2781 profectus
1869 2734 1934 2779 est,
1963 2735 2084 2770 tamen
2110 2743 2257 2780 prorsus

180 2793 327 2831 eandem
361 2794 500 2833 dicendi
538 2796 830 2834 consuetudinem
867 2796 1021 2834 exhibet.
1086 2796 1164 2843 Qua
1199 2807 1236 2834 re
1270 2797 1356 2834 haec
1393 2791 1551 2843 exempla
1588 2795 1679 2832 mihi
1716 2795 1871 2831 breviter
1909 2794 2146 2831 examinanda
2182 2804 2258 2830 esse

303 2894 335 2935 1)
358 2896 395 2928 cf.
418 2905 497 2935 quae
518 2906 611 2935 supra
632 2906 705 2937 pag.
728 2896 745 2926 7
768 2906 813 2936 sq.
836 2907 855 2929 a
876 2897 965 2928 nobis
986 2896 1072 2928 dicta
1093 2898 1175 2928 sunt.

2118 2958 2137 2989 2
