2485 3102
1083 131 1338 170 ..12-

165 236 255 286 Quis
292 236 408 288 igitur
447 237 577 278 modus
614 240 779 290 optativo
815 242 894 281 erat
931 241 1050 292 aptior
1086 242 1132 282 ad
1171 253 1228 282 res
1262 242 1474 292 praeteritas
1506 241 1747 288 denotandas,
1784 250 1876 291 quae
1910 249 1955 278 ne
1988 239 2088 289 ipsae
2113 239 2258 290 quidem

164 300 211 337 ad
250 300 418 337 effecum
457 301 588 338 adduci
631 304 828 349 poterant?
884 305 939 341 Ac
975 315 1014 341 re
1050 315 1134 341 vera
1170 305 1374 351 optativum
1407 304 1620 342 relationem
1662 303 1843 352 quandam
1885 303 1932 341 ad
1964 304 2108 350 tempus
2151 312 2256 350 prae-

169 359 320 399 teritum
347 360 560 410 suscepisse,
587 362 671 412 quis
697 363 875 414 negabit?
925 363 1136 412 Quindecim
1163 364 1258 402 enim
1292 363 1381 403 locis
1407 347 1592 413 optativus
1619 363 1677 402 vel
1701 362 1912 413 potentialis
1938 361 2033 411 apud
2060 361 2259 401 Homerum

168 421 314 469 quidem
340 422 493 461 indubia
517 425 676 474 vestigia
701 426 811 463 huius
837 437 925 464 usus
951 426 1108 474 reliquit.
1125 422 1155 473 1)
1195 425 1290 472 Quid
1316 425 1430 472 igitur
1455 425 1600 470 mirum,
1628 425 1833 473 optativum
1859 425 1970 463 etiam
1995 424 2034 462 in
2060 424 2258 462 enuntiatis

168 483 391 522 secundariis
415 484 448 522 ei
466 485 551 523 usui
568 485 695 533 fuisse,
723 498 794 535 quo
820 487 994 535 cogitatio
1011 487 1062 524 rei
1087 486 1303 534 praeteritae
1320 486 1560 532 denotaretur,
1589 487 1698 535 atque
1724 486 1779 524 ita
1804 497 1869 534 pro
1894 484 2067 525 eiusmodi
2094 484 2260 524 enuntia-

165 546 288 583 torum
322 546 508 586 constanti
532 547 613 586 'usu
648 559 690 586 ac
724 547 926 598 frequentia
960 547 1138 597 paulatim
1172 547 1228 585 vel
1264 548 1383 596 ipsum
1419 547 1577 586 notionis
1611 547 1840 596 aliquantum
1875 546 2047 596 temporis
2073 546 2259 595 praeteriti

170 608 399 655 suscepisse?
758 636 760 643 ,

293 667 395 717 Quae
422 670 455 708 si
491 670 678 710 nobiscum
713 671 972 720 reputabimus,
1000 680 1111 719 neque
1138 670 1164 707 ii
1192 670 1359 719 optativi,
1387 671 1450 720 qui
1475 671 1639 719 tempora
1665 671 1863 719 sequuntur
1888 670 2080 719 primaria,
2108 680 2172 708 nec
2198 670 2260 719 qui

168 731 206 768 in
233 731 398 770 oratione
424 732 574 781 obliqua
599 735 802 781 ponuntur,
838 744 903 770 nec
937 733 1086 780 denique
1113 732 1174 780 qui
1210 734 1292 779 post
1327 734 1489 781 tempora
1515 744 1611 771 mere
1646 733 1855 771 secundaria
1882 733 2131 779 inveniuntur,
2167 732 2261 781 quod

168 791 354 838 miremur,
382 793 582 832 habebunt.

297 852 366 892 Sed
393 854 468 893 iam
495 854 542 893 ad
568 855 616 903 id,
645 855 738 905 quod
765 855 868 894 nobis
897 856 951 893 est
978 854 1213 903 propositum,
1242 855 1481 894 transeamus.

798 950 822 988 Ι.
856 949 1037 999 optativus
1063 951 1119 990 est
1147 960 1248 999 quem
1276 951 1399 990 vocant
1426 951 1639 1000 potentialis.

294 1022 398 1069 Quod
432 1023 676 1070 optativorum
709 1033 820 1070 genus
854 1023 1069 1070 cogitationi
1102 1024 1254 1060 inservit
1281 1024 1350 1068 rei,
1386 1024 1488 1061 cuius
1521 1025 1668 1061 eventus
1681 1051 1690 1067 ,
1726 1025 1833 1071 prout
1869 1024 1939 1061 sibi
1966 1025 2116 1072 quisque
2143 1024 2259 1071 fingit,

172 1083 277 1121 ratus
304 1084 370 1122 aut
397 1084 523 1122 irritus
550 1084 616 1122 est.
673 1083 723 1121 Ex
751 1093 820 1131 quo
848 1083 1023 1129 efficitur,
1059 1085 1101 1122 ut
1128 1095 1190 1132 per
1216 1095 1254 1123 se
1280 1085 1450 1132 primitus
1484 1084 1628 1133 quidem
1662 1085 1753 1123 nihil
1787 1085 1955 1123 habuerit
1988 1085 2141 1123 rationis
2167 1085 2261 1122 tem-

174 1145 332 1192 poralis,
367 1156 458 1194 quae
492 1146 585 1183 inter
619 1145 847 1183 enuntiatum
883 1145 1078 1183 relativum
1105 1147 1142 1183 et
1168 1146 1396 1184 enuntiatum
1429 1147 1642 1194 primarium
1677 1146 1922 1192 intercederet,
1951 1157 2061 1196 aeque
2087 1147 2196 1195 atque
2222 1146 2260 1183 in

172 1206 371 1244 enuntiatis
400 1206 583 1255 primariis
619 1206 801 1244 notionem
838 1207 1075 1255 temporalem
1111 1218 1182 1244 non
1211 1207 1388 1254 habebat,
1428 1208 1470 1244 ut
1506 1207 1588 1244 inde
1622 1208 1775 1255 perspici
1808 1208 1939 1255 potest,
1967 1207 2061 1255 quod
2088 1207 2256 1254 primitus

173 1268 319 1317 quidem
346 1268 392 1308 ad
418 1269 580 1317 tempora
606 1269 642 1307 et
669 1268 865 1317 praeterita
892 1270 929 1308 et
955 1269 1158 1318 praesentia
1184 1269 1242 1307 vel
1268 1269 1393 1308 futura
1418 1269 1542 1308 referri
1561 1270 1713 1318 poterat.
1755 1269 1824 1319 Sed
1850 1269 1924 1308 iam
1951 1269 2047 1318 apud
2064 1269 2262 1308 Homerum

173 1330 275 1369 illius
302 1341 388 1368 usus
415 1341 537 1379 parva,
565 1330 672 1368 huius
699 1330 881 1379 permulta
905 1332 1116 1369 manserunt
1141 1331 1307 1379 vestigia,
1335 1333 1371 1369 et
1390 1331 1615 1380 Thucydides
1642 1332 1718 1379 ipse
1744 1332 1832 1369 haec
1858 1331 1936 1369 sola
1952 1332 2110 1379 reliquit,
2136 1333 2179 1369 ut
2206 1332 2263 1369 vel

174 1402 215 1429 eo
242 1391 407 1440 cognosci
434 1392 571 1439 potest,
606 1391 701 1440 quod
735 1393 898 1439 tempora
935 1403 1026 1441 quae
1060 1393 1274 1431 antecedunt
1301 1393 1511 1430 secundaria
1544 1403 1620 1430 esse
1646 1403 1717 1431 non
1753 1393 1922 1440 possunt,
1958 1392 2030 1430 nisi
2065 1393 2180 1430 oratio
2207 1393 2263 1430 est

175 1453 309 1501 oliqua.
367 1453 591 1491 Particulam
617 1447 666 1489 liv
700 1453 872 1502 denique,
910 1465 1019 1502 quam
1050 1454 1145 1491 idem
1175 1454 1354 1494 Homerus
1386 1454 1595 1502 plerumque
1626 1454 1746 1498 addit,
1782 1464 2034 1501 nonnunquam
2065 1454 2215 1499 omittit,
2231 1450 2262 1500 2)

176 1514 402 1563 Thucydides
430 1525 568 1563 semper
594 1514 773 1563 adiungit.

887 1595 915 1634 1.
943 1595 1111 1644 Tempora
1137 1596 1347 1636 antecedunt
1374 1596 1551 1644 primaria.

297 1667 326 1713 Ι,
347 1668 407 1714 33,
429 1667 463 1705 3.
490 1664 556 1705 τόν
573 1666 617 1704 δὲ
641 1665 815 1716 πόλεμον,
842 1666 889 1705 δι’
915 1662 1030 1717 ὅνπερ
1054 1666 1227 1718 χρήσιμοι
1250 1660 1299 1705 ἂν
1324 1663 1434 1717 εἶμεν,
1459 1667 1498 1706 εἴ
1513 1680 1566 1710 τις
1591 1665 1692 1717 ὑμῶν
1708 1666 1762 1718 μή
1788 1667 1902 1705 οἴεται
1926 1669 2098 1715 ἔσεσθαι,
2122 1665 2264 1717 γνώμης

173 1726 389 1777 ἁμαρτάνει.
439 1729 572 1777 quibus
599 1728 708 1766 adde:
736 1729 767 1775 I,
790 1730 849 1774 80,
873 1730 905 1765 1.
956 1728 1038 1774 122,
1061 1730 1093 1774 1,
1115 1730 1149 1766 3.
1195 1729 1244 1775 Π,
1267 1730 1327 1774 39,
1351 1730 1383 1766 1.
1429 1731 1489 1775 43,
1514 1732 1546 1767 1.
1591 1731 1652 1775 44,
1673 1731 1708 1775 2,
1736 1730 1799 1766 ubi
1826 1729 1860 1766 A
1886 1730 1918 1766 B
1950 1725 2175 1777 ἀφαιρεθείη
2204 1739 2264 1765 ex-

172 1790 308 1836 hibent,
327 1788 520 1828 Classenus
539 1790 745 1838 optativum
762 1790 922 1828 servavit
940 1791 1049 1838 atque
1065 1789 1277 1837 explicavit:
1306 1791 1367 1828 der
1384 1791 1451 1829 den
1469 1791 1702 1830 bestimmten
1719 1790 1802 1829 Fall
1820 1802 1887 1828 nur
1912 1791 1951 1828 in
1969 1790 2263 1839 hypothetischer

172 1852 341 1900 Fassung
375 1851 428 1888 im
454 1851 559 1900 Auge
585 1851 670 1897 hat,
708 1862 790 1889 cum
825 1851 1093 1889 coniunctivum
1128 1852 1189 1899 qui
1225 1853 1405 1891 antecedit
1444 1853 1521 1898 ¹,die
1555 1852 1855 1901 Allgemeinheit“
1896 1852 2098 1900 significare
2133 1852 2264 1889 censet.

174 1914 271 1952 Mira
297 1915 393 1952 certe
419 1913 612 1962 explicatio
639 1915 676 1952 et
703 1924 747 1951 ne
773 1925 857 1952 vera
884 1913 1047 1962 quidem,
1074 1926 1158 1952 nam
1185 1914 1373 1953 enuntiato
1400 1915 1553 1953 relativo
1580 1914 1671 1953 duae
1697 1914 1919 1953 condiciones
1938 1910 2083 1962 prorsus
2108 1912 2266 1952 eiusdem

174 1976 313 2024 generis
341 1975 582 2021 continentur,
611 1986 765 2024 quarum
793 1975 909 2013 altera
936 1976 990 2013 est
1016 1976 1198 2024 negativa,
1228 1976 1344 2014 altera
1371 1977 1560 2024 possitiva.
1611 1977 1739 2025 Itaque
1765 1976 1965 2013 rectissime
1992 1975 2084 2012 mihi
2102 1974 2266 2013 Stahlius

175 2048 258 2074 cum
283 2036 389 2074 libris
416 2036 676 2084 manuscriptis
708 2036 887 2074 inferioris
922 2036 1051 2074 classis
1085 2037 1352 2075 coniunctivum
1378 2034 1574 2087 ἀφαιρεθῇ
1598 2038 1802 2075 restituisse
1828 2037 1980 2083 videtur,
2016 2038 2059 2074 ut
2085 2047 2155 2085 quo
2183 2047 2266 2074 con-

176 2099 269 2136 dicio
297 2097 498 2144 denotetur,
526 2109 599 2147 qua
626 2098 722 2136 actio
750 2098 929 2136 enuntiati
947 2098 1111 2146 primarii
1138 2099 1410 2147 circumscripta
1428 2100 1494 2137 est.
1523 2099 1568 2137 cf.
1588 2099 1637 2146 11,
1659 2101 1719 2146 44,
1744 2100 1776 2137 1.
1818 2098 1880 2145 VI,
1903 2099 1961 2145 14,
1984 2098 2017 2136 7.
2063 2098 2127 2144 VI,
2152 2098 2209 2144 16,
2230 2099 2265 2144 3,

176 2160 268 2206 VII,
299 2161 366 2205 68,
400 2160 420 2197 1
449 2160 542 2206 alia,
580 2170 671 2208 quae
706 2160 774 2197 sub
808 2159 1035 2196 coniunctivo
1072 2160 1275 2197 attulimus.
1331 2160 1399 2196 Sed
1426 2160 1569 2197 easdem
1595 2163 1718 2208 partes
1755 2160 1940 2207 optativus
1975 2159 2184 2206 potentialis
2220 2154 2267 2195 ἄν

178 2223 327 2260 ornatus
344 2231 525 2270 nusquam
543 2222 713 2270 suscepit.
759 2221 804 2259 cf.
825 2222 886 2266 48,
907 2221 943 2259 3.
988 2221 1056 2267 ΠΙ,
1078 2222 1138 2267 30,
1159 2222 1194 2258 4.
1241 2222 1301 2267 47,
1325 2223 1356 2259 1.
1403 2223 1463 2268 59,
1488 2223 1519 2259 1.
1565 2223 1628 2269 IV,
1651 2224 1711 2269 62,
1735 2223 1770 2259 2.
1816 2222 1859 2268 V,
1880 2223 1915 2268 9,
1937 2222 1971 2259 5.
2017 2221 2078 2259 90.
2128 2221 2210 2266 111,
2231 2222 2266 2258 2.

178 2283 242 2329 VI,
265 2284 325 2324 13,
348 2283 381 2320 1.
423 2283 484 2329 20,
505 2283 541 2320 2.
584 2283 644 2328 34,
665 2284 701 2321 4.
744 2283 805 2328 36,
827 2283 862 2319 3.
903 2279 1002 2329 ὑμεῖς
1020 2284 1062 2319 δὲ
1080 2275 1126 2333 ἢν
1148 2271 1191 2320 εὖ
1203 2281 1446 2332 βουλεύησθε,
1471 2280 1537 2319 οὐκ
1562 2284 1605 2326 ἐξ
1628 2273 1679 2320 ὧν
1703 2272 1803 2321 οὗτοι
1819 2279 2029 2329 arranem
2046 2280 2269 2322 σκοποῦντες

177 2343 358 2390 λογιεῖσθε
381 2341 431 2378 va*
454 2341 591 2388 εἰκότα,
617 2340 697 2379 ἀλλ’
722 2343 765 2386 ἐξ
790 2333 841 2378 ὧν
859 2334 907 2377 ἂν
924 2337 1122 2390 ἅνθρωποι
1145 2343 1256 2378 δεινοὶ
1279 2343 1343 2378 καὶ
1367 2341 1512 2379 πολλῶν
1537 2344 1704 2391 ἔμπειροι
1727 2342 1913 2392 δράσειαν.
1948 2343 2030 2388 VII,
2051 2343 2111 2387 64,
2132 2342 2166 2379 2.
2207 2343 2267 2387 69,

181 2404 215 2450 2,
244 2403 288 2442 cl.
318 2403 377 2450 71,
398 2404 442 2442 4:
470 2403 534 2442 ubi
560 2403 765 2442 rectissime
791 2403 1051 2441 Herwerdenus
1078 2402 1241 2442 codicum
1266 2396 1340 2439 ὅσα
1365 2402 1405 2438 ἐν
1429 2402 1466 2440 in
1493 2396 1551 2440 30'
1577 2395 1625 2441 ἂν
1651 2403 1690 2440 ἐν
1714 2402 1885 2449 mutavit,
1914 2402 2008 2452 quod
2035 2402 2078 2441 de
2104 2402 2268 2451 optativo

180 2465 349 2504 iterativo
374 2465 432 2503 vel
458 2465 521 2514 qui
547 2465 723 2504 orationis
750 2465 919 2514 obliquae
946 2465 1110 2513 proprius
1137 2465 1343 2503 nominatur
1369 2475 1413 2501 ne
1440 2464 1594 2513 cogitari
1620 2465 1764 2513 quidem
1790 2466 1921 2513 potest.
1978 2465 2035 2511 77,
2067 2465 2100 2501 7.

868 2561 903 2599 2.
937 2561 1105 2609 Tempora
1131 2561 1339 2599 antecedunt
1365 2560 1586 2599 secundaria.

306 2635 408 2683 Quod
434 2647 517 2675 cum
544 2636 792 2684 optativorum
817 2647 931 2685 genus
967 2635 1086 2674 solum
1113 2635 1151 2673 in
1177 2635 1338 2674 oratione
1373 2634 1520 2683 obliqua
1547 2633 1770 2680 inveniatur,
1808 2634 1993 2673 enuntiata
2020 2633 2174 2673 relativa
2200 2645 2270 2672 non

181 2697 261 2734 tam
287 2707 310 2734 a
335 2697 557 2746 temporibus
584 2697 805 2736 secundariis
824 2707 933 2746 quam
962 2697 1008 2735 ab
1036 2697 1082 2734 iis
1117 2697 1179 2746 qui
1214 2696 1387 2734 accedunt
1421 2695 1612 2733 infinitivis
1631 2696 1781 2743 pendere
1808 2695 1982 2733 censenda
2009 2696 2104 2741 sunt,
2131 2705 2172 2732 ex
2199 2706 2270 2742 quo

310 2796 341 2837 1)
363 2797 401 2829 cf.
424 2807 503 2838 quae
524 2798 651 2840 egregie
671 2798 710 2830 de
731 2798 790 2831 hac
811 2808 844 2830 re
866 2798 1043 2838 disputavit
1064 2798 1200 2829 Urtel:
1223 2797 1325 2829 Ueber
1346 2797 1405 2829 den
1427 2797 1508 2828 hom.
1525 2796 1689 2828 Gebrauch
1711 2796 1764 2828 des
1779 2796 1927 2836 Optativs
1948 2796 2003 2826 der
2023 2796 2160 2835 abhang.
2176 2796 2269 2827 Rede.

180 2848 419 2890 Gymn.·Progr.
440 2849 578 2882 Weimar
600 2848 690 2882 1884.

305 2899 338 2940 2)
361 2899 401 2933 cf.
423 2899 514 2932 Delb.
535 2901 557 2933 1.
580 2901 601 2933 1.
621 2909 696 2943 pag.
719 2899 781 2931 219
801 2910 847 2942 sq.
